2656 4672
433 375 828 440 comunionem-rr.
1030 407 1032 411 .
1120 360 1208 422 53.
1278 340 1282 347 ’

103 532 199 594 solum
215 533 344 607 indocti,
370 533 421 595 sed
438 532 526 595 etiam
542 530 664 606 rustici,
691 540 900 606 contemnunt,
925 530 954 591 id
978 529 1056 591 docti
1072 551 1160 594 senes

104 618 323 680 extimescent?
340 617 468 679 Omnino
486 619 533 698 (ut
547 615 619 678 mihi
635 614 752 698 quidem
765 615 897 697 videtur)
915 636 1013 677 rerum
1030 615 1160 678 omnium
1178 629 1212 678 tit

103 704 228 765 satietas
250 703 332 766 vitae
354 704 425 765 lacit
448 702 626 765 satietatem.
669 701 744 762 Sunt
768 700 914 781 pueritiae
937 710 1019 763 certa
1041 701 1157 778 studia,

102 806 172 849 num
187 787 280 871 igitur
288 808 323 851 ea
340 788 508 851 desiderant
519 787 745 850 adolescentes?
763 786 838 848 Sunt
852 785 1163 849 ineuntisadolescen·

102 872 181 950 tiae3
200 895 271 938 num
288 895 323 936 ea
339 885 480 936 constans
496 874 553 936 iam
570 872 697 955 requirit
712 882 811 949 aetas,
830 893 905 953 quae
921 871 1018 934 media
1035 870 1162 933 dicitur?

103 957 179 1019 Sunt
194 959 282 1019 etiem
298 958 363 1021 eius
379 960 504 1037 aetatis,
523 979 561 1021 ne
577 958 744 1040 ecquidem
754 969 938 1039 quaeruntur
952 957 984 1018 in
993 967 1160 1019 senectute.

103 1042 180 1104 Sunt
195 1053 332 1105 extrema
348 1045 492 1126 quaedam
507 1043 605 1107 studia
621 1043 801 1120 senectutis3
821 1064 903 1125 ergo,
923 1053 955 1104 ut
971 1042 1160 1123 superiorum

101 1138 232 1190 aetatum
255 1128 353 1191 studia
377 1130 532 1206 occidunt,
558 1129 602 1192 sic
619 1129 756 1192 occidunt
773 1128 861 1191 etiam
878 1126 1060 1205 senectutis3
1085 1127 1162 1209 quod

102 1234 191 1294 quum
209 1215 327 1291 evcnit,
346 1215 469 1278 satietas
486 1215 566 1277 vitae
581 1226 696 1298 tempus
712 1225 859 1276 maturum
876 1213 979 1274 mortis
996 1212 1094 1274 affert.

188 1298 330 1380 Equidem
347 1321 407 1361 non
423 1301 522 1377 video,
540 1321 604 1374 cur,
623 1301 690 1382 quid
706 1300 769 1381 ipse
781 1298 907 1362 sentiam
924 1297 959 1358 de
975 1307 1082 1375 morte,
1102 1319 1161 1360 non
1173 1295 1214 1365 21

101 1382 223 1445 audeam
241 1385 325 1446 vohis
343 1385 454 1463 dicere,
472 1385 548 1467 quod
565 1407 600 1448 eo
616 1386 689 1449 mihi
703 1385 808 1448 melius
825 1403 949 1446 cernere
964 1384 1081 1459 videor,
1106 1403 1163 1464 quo
1180 1393 1212 1444 tt

103 1469 139 1530 ah
157 1489 192 1531 ea
208 1469 328 1552 propius
353 1470 468 1533 absum.
506 1471 569 1553 Ego
584 1482 704 1534 vestros
720 1481 837 1552 patres,
864 1468 897 1528 P.
917 1466 1033 1549 Scipio,
1057 1477 1159 1550 tuque,

103 1553 138 1614 C.
157 1554 257 1630 Laeli,
276 1554 359 1617 viros
376 1555 559 1619 clarissimos
575 1556 703 1638 mihique
720 1553 934 1628 amicissimos,
959 1552 1065 1614 vivere
1082 1552 1161 1613 arhi-

101 1649 186 1715 tror,
220 1649 251 1701 et
273 1660 338 1701 eam
362 1642 477 1722 quidem
500 1642 611 1719 vitam,
636 1662 710 1723 quae
735 1650 780 1702 est
802 1639 867 1701 sola
887 1638 950 1702 vita
965 1637 1158 1700 nominanda.

57 1784 61 1792 .
100 1723 195 1800 Nam,
215 1726 282 1787 dum
298 1747 399 1790 sumus
423 1726 576 1790 inclusi‘in
593 1724 638 1789 his
655 1724 844 1807 compagibus
860 1723 1013 1806 eorporis,
1038 1742 1162 1785 munere

102 1810 226 1892 quodam
243 1811 433 1874 necessitatis
449 1823 479 1873 et
494 1812 579 1894 gravi
596 1833 685 1894 opere
700 1810 923 1892 perfungimur3
943 1820 988 1871 cst
1003 1808 1082 1871 enim
1098 1807 1162 1869 ani-

102 1917 168 1957 mus
186 1896 323 1958 coelestis
340 1916 380 1959 ex
396 1896 541 1960 altissimo
558 1896 705 1959 domicilio
722 1896 881 1978 depressus
898 1904 928 1957 et
944 1894 1028 1976 quasi
1047 1894 1163 1955 demer-

102 2002 154 2043 sus
175 1980 206 2042 in
229 1991 359 2057 terram,
385 1983 481 2043 locum
506 1982 624 2045 divinae
646 1993 770 2044 naturae
793 1979 1024 2061 aeternitatique
1046 1989 1164 2040 contra·

102 2066 193 2127 rium.
219 2065 277 2127 Sed
293 2065 393 2142 credo,
413 2067 483 2129 deos
500 2067 685 2129 immortales
702 2065 849 2147 sparsisse
866 2066 981 2126 animos
996 2064 1161 2145 incorpora

100 2271 268 2332 Bestattung,
289 2269 329 2318 die
348 2267 477 2319 Hannibal
499 2271 550 2320 ihm
575 2288 607 2320 zu

100 2337 175 2388 Theil
187 2338 289 2387 werden
301 2336 379 2394 hess,
400 2337 526 2388 beriohtet
535 2338 608 2389 Plut-

102 2407 163 2456 orch
178 2404 294 2456 Marcell.
309 2421 332 2454 o.
343 2406 374 2454 30
387 2423 392 2453 :
407 2401 608 2476 ἐπιθαυμάσας

103 2469 133 2524 τὸ
152 2469 314 2543 παράλογον
334 2473 381 2536 τῆς
400 2475 539 2538 τελευτῆς,
560 2471 607 2525 τὸν

100 2540 153 2611 μὲν
166 2536 456 2607 δακτύλιονάφείλετο,
472 2538 501 2592 τὸ
515 2541 608 2593 dioci-

101 2629 142 2678 μα
172 2605 315 2679 κοσμήσας
339 2611 478 2679 πρέποντι
501 2606 605 2680 κόσμῳ,

101 2680 148 2728 καὶ
161 2680 337 2747 περιστείλας
349 2677 479 2748 ἐντίμως,
500 2679 607 2731 ἔκαυσε.

136 2767 165 2813 in
181 2765 353 2828 Originibus,
367 2764 419 2826 vgl.
434 2781 456 2815 c.
473 2766 514 2829 11,
530 2764 554 2830 ξ.
564 2765 605 2813 38.

63 2859 66 2864 ’
137 2848 260 2908 indocti,
275 2848 339 2897 ohne
353 2850 468 2910 gelehrte
481 2850 608 2910 (noment-

102 2917 153 2965 lioh
167 2915 382 2980 philosophisehe)
392 2917 508 2980 Bildung.

136 3003 249 3063 rustici,
280 3000 320 3048 die
344 3001 414 3049 nicht
441 3000 534 3049 einmal
559 3000 607 3050 den

103 3069 210 3119 iiusscrn
224 3067 315 3118 Schein
328 3084 377 3118 von
390 3068 497 3132 Bildnng
509 3083 542 3117 an
555 3067 608 3118 sich

102 3145 202 3200 tragon,
216 3138 265 3187 wie
284 3137 326 3186 ihn
339 3137 385 3186 der
396 3135 512 3186 Verkehr
524 3137 549 3185 in
564 3137 609 3186 der

103 3206 257 3270 Hauptstudt
269 3206 441 3256 mitzutheilen
449 3207 526 3271 pllegt
541 3204 609 3269 (ent—

100 3281 284 3338 gegengesetzt
296 3274 336 3322 dic
355 3275 474 3338 artant).
493 3272 552 3336 Vgl.
568 3273 608 3321 die

103 3341 267 3404 Anmerlrung
280 3357 311 3390 zu
325 3347 441 3405 agrestis
455 3341 479 3406 ξ.
494 3343 537 3392 47.

137 3428 179 3477 76.
199 3432 265 3476 euni
275 3428 411 3490 pueritiae
425 3433 500 3476 certa
513 3429 607 3478 studia

106 3512 160 3562 sqq.
180 3494 242 3544 Hier
253 3493 356 3543 werden
369 3494 425 3543 vier
437 3493 608 3546 Lehensalter

104 3562 309 3614 untersehieden:
319 3562 608 3626 pueritiamdotesceo-

98 3636 159 3696 tic,
176 3637 302 3682 constans
322 3629 434 3696 (media)
456 3633 608 3698 ocioaldus

103 3699 298 3765 Mannesaltcr),
311 3704 443 3750 senectus.

136 3818 168 3852 nc
182 3818 212 3852 ea
225 3802 333 3868 quidem
346 3806 519 3866 quaeruntur
531 3804 561 3850 in
573 3817 608 3867 3.,

103 3871 166 3921 auch
174 3872 238 3921 nach
251 3871 326 3920 ihnen
339 3870 399 3935 (den
407 3871 606 3934 Bostrehungen‚

103 3939 198 3991 welche
206 3937 442 3991 dcmMannesalter
450 3938 609 4000 cigenthiim-

101 4006 152 4058 lieh
178 4008 244 4074 sind)
269 4006 338 4072 lragt
363 4007 408 4058 dns
433 4004 609 4057 Greisenalter

659 2269 752 2318 ehenso
765 2269 857 2331 wenig,
872 2268 920 2318 wie
934 2269 979 2318 das
992 2266 1167 2318 Mannesaltcr

659 2339 722 2388 nach
736 2338 815 2386 denen
830 2338 876 2386 der
890 2336 999 2401 lugend.
1091 2364 1095 2387 ι

694 2425 735 2472 77.
753 2427 867 2486 propius
881 2424 984 2472 chetim.
1005 2422 1039 2471 lm
1051 2421 1167 2472 Lateini-

659 2490 806 2540 sehenwird
820 2490 901 2538 selhst
914 2490 954 2538 hei
965 2490 1088 2555 einander
1101 2490 1165 2538 nahe
1208 2522 1211 2532 ‚,
1237 2546 1239 2550 ,

660 2559 793 2621 liegenden
816 2555 1010 2620 Gegenstiinden
1035 2573 1096 2620 gero
1121 2558 1166 2606 der

658 2626 755 2690 Begriff
765 2624 960 2674 desAbstandcs
973 2627 1017 2675 des
1031 2626 1103 2675 einen
1117 2640 1166 2675 von

660 2696 715 2745 dom
729 2694 825 2744 andern
845 2694 1062 2757 hervorgehohen.

695 2796 742 2846 ego
761 2786 865 2830 vestros
880 2785 992 2844 patres,
1022 2780 1051 2827 Ρ.
1072 2778 1165 2842 Scipio

660 2855 751 2914 tuque,
768 2849 795 2900 0.
810 2847 898 2898 Laeli.
921 2847 972 2896 Der
982 2845 1061 2896 Voter
1075 2848 1119 2896 des
1134 2845 1163 2896 C.

658 2917 763 2981 Latius,
778 2917 824 2966 der
837 2916 974 2966 denselhen
986 2913 1083 2964 Nomen
1097 2914 1167 2963 liihr-

659 2993 701 3047 te,
722 3001 777 3034 war
790 2986 834 3034 der
846 2991 978 3034 vertraute
997 2983 1098 3033 Freund
1121 2983 1165 3032 des

660 3054 759 3104 iilteren
784 3052 866 3117 Scipio
891 3053 942 3100 und
966 3051 1102 3114 hegleitete
1121 3050 1164 3098 ihn

660 3121 713 3172 last
725 3120 771 3172 auf
782 3121 848 3170 allen
862 3118 1018 3180 Feldziigen.

694 3209 788 3266 cicere,
806 3203 868 3252 noch
882 3203 938 3252 dem
946 3201 1015 3253 Tode
1030 3203 1164 3253 fortleben.

695 3295 723 3338 et
735 3303 792 3337 eam
807 3290 915 3354 quidem
934 3293 1033 3351 vitam,
1056 3287 1165 3337 niimlich

660 3361 754 3419 vivere,
769 3359 842 3420 „und
856 3373 925 3408 zwar
938 3356 986 3407 oui
996 3356 1052 3407 eine
1064 3355 1164 3421 Weise,

657 3426 754 3475 welche
770 3427 847 3476 allein
862 3424 1020 3488 denNamen
1034 3425 1163 3490 „Lchen“

657 3494 784 3544 verdient.
795 3495 813 3522 “

693 3595 802 3631 munere
814 3579 932 3645 quodam
950 3581 1120 3628 necessitatis
1130 3603 1166 3613 -

654 3650 859 3715 perfungimur.
887 3647 974 3698 Durch
988 3647 1098 3714 quidam
1119 3644 1165 3693 mit

661 3718 723 3767 oder
735 3720 799 3768 ohne
808 3723 946 3782 tanquam,
961 3718 1041 3780 quasi
1048 3712 1166 3763 wirdder

660 3785 779 3835 hildliche
793 3784 926 3836 Ausdruch
936 3782 1083 3848 gcmildert,
1099 3794 1165 3843 „ge-

659 3853 884 3907 wissermussen.“

694 3943 728 3987 ui
740 3943 843 4000 esseni,
858 3939 920 4002 qui,
935 3934 1014 3984 damit
1027 3949 1054 3984 es
1066 3930 1164 3985 Wesen

659 4005 733 4072 glibe,
746 4005 864 4057 welche.
881 4041 887 4055 .
904 4040 911 4054 .
