2656 4672
212 368 253 428 52
541 377 630 430 curo
649 377 767 431 usion.
788 381 811 445 §-
826 380 939 430 ri-rs.

211 536 353 618 exiguum
370 544 497 616 tempus,
516 533 689 617 praesertim
705 533 789 610 seni3
808 545 875 616 post
890 543 1015 596 mortem
1032 534 1150 615 quidem
1166 555 1273 599 sensus

210 631 262 684 aut
277 618 422 702 optandus
439 629 490 690 aut
506 619 604 682 nullus
622 630 678 681 est.
711 617 768 680 Sed
785 615 841 680 hoc
856 617 1029 683 meditatum
1045 619 1081 680 ab
1099 620 1274 683 adolescen-

212 707 254 768 tia
277 704 365 766 debet
387 724 473 780 esse,
498 713 626 767 mortem
642 715 675 766 ut
691 703 894 787 negligamus,
919 704 984 767 sinc
1007 724 1065 786 qua
1080 705 1274 769 meditatione

212 789 372 872 tranquillo
389 808 456 852 esse
472 789 571 851 animo
588 799 686 873 potest
701 809 799 851 nemo.
817 788 1006 852 Moriendum
1019 789 1097 851 enim
1114 801 1196 853 certe
1212 803 1272 868 est,

213 888 243 940 et
258 876 288 937 id
303 875 461 952 incertum,
480 897 517 937 an
533 875 589 945 boo
604 874 670 956 ipso
687 874 745 936 die.
779 874 907 937 Mortem
931 874 1024 956 igitur
1039 874 1174 939 omnibns
1191 876 1274 938 horis

171 976 173 983 '
212 961 430 1044 impendentem
447 960 556 1022 timens
572 960 621 1043 qni
638 961 747 1042 poterit
763 961 861 1022 animo
878 959 1069 1022 consistere?
1085 961 1129 1022 De
1141 981 1196 1042 qua
1213 983 1275 1023 non

211 1049 255 1110 ita
269 1047 358 1128 longa
374 1039 573 1128 disputatione
590 1066 663 1128 opus
680 1066 748 1109 esse
762 1046 880 1121 videtur
888 1091 901 1128 ,Δ
922 1065 1011 1127 quum
1027 1046 1189 1124 recordor,
1215 1068 1275 1108 non

163 1145 197 1194 75
212 1133 248 1194 L.
267 1131 409 1207 Brutum,
434 1131 483 1213 qui
505 1131 538 1193 in
561 1130 715 1195 liberanda
730 1131 827 1214 patria
842 1139 889 1193 est
904 1130 1099 1207 interfectus,
1123 1152 1184 1192 non
1201 1132 1274 1194 dnos

212 1216 338 1292 Decios,
364 1216 414 1297 qui
436 1217 472 1278 ad
494 1215 695 1278 voluntariam
722 1216 847 1279 mortem
869 1235 986 1278 cursum
1003 1235 1145 1297 equorum
1166 1217 1275 1280 incita-

211 1293 339 1375 ver'unt,
366 1321 426 1361 non
441 1299 483 1361 Μ.
500 1300 643 1377 Atilium,
673 1302 721 1383 qni
737 1303 772 1364 ad
788 1301 961 1384 supplicium
978 1312 1025 1365 est
1040 1302 1212 1387 profectus,
1243 1314 1276 1364 ut

211 1389 300 1450 fidem
322 1384 401 1446 hosti
424 1386 523 1449 datam
540 1398 752 1465 conservaret,
778 1408 837 1450 non
860 1387 934 1448 duos
955 1385 1127 1468 Scipiones,
1151 1386 1201 1468 qni
1216 1386 1275 1448 iter

212 1471 321 1536 Poenis
344 1469 392 1532 vel
422 1472 596 1553 corporibus
622 1471 685 1534 suis
707 1473 864 1535 obstruere
888 1473 1065 1548 voluerunt,
1095 1490 1155 1533 non
1184 1492 1275 1534 avum

212 1569 294 1620 tunm
309 1557 345 1618 L.
364 1555 517 1634 Paullum,
536 1557 585 1638 qui
601 1568 698 1618 morte
714 1557 769 1619 luit
785 1558 918 1641 collegae
933 1557 963 1619 in
981 1555 1132 1618 Cannensi
1147 1556 1275 1640 ignomi-

212 1644 264 1705 nia
280 1641 490 1725 temeritatem,
510 1663 569 1703 non
584 1641 624 1703 M.
640 1641 826 1720 Marcellum,
846 1642 929 1705 cuius
944 1641 1099 1712 interitum
1115 1661 1154 1705 ne
1169 1642 1276 1703 crude·

210 1727 344 1791 lissimns
368 1726 484 1809 quidem
510 1726 606 1790 hostis
629 1727 743 1792 honore
765 1728 937 1813 sepulturae
963 1747 1066 1790 carere
1090 1747 1194 1809 passus
1214 1738 1272 1804 est,

212 1813 265 1876 sed
280 1812 414 1896 legiones
430 1823 562 1889 nostras,
580 1814 657 1895 qnod
674 1813 781 1898 scripsi
797 1814 828 1876 in
845 1812 1028 1895 Originibus,
1046 1812 1077 1873 in
1094 1831 1160 1874 eum
1177 1811 1276 1873 locum

213 1918 302 1981 saepe
319 1899 468 1980 profectas
486 1898 579 1960 alacri
596 1897 695 1960 animo
711 1909 741 1961 et
756 1908 870 1974 erecto,
889 1897 967 1960 unde
983 1918 1017 1959 se
1030 1917 1180 1979 nunqnam
1197 1897 1276 1959 redi·

213 1994 296 2045 toras
313 1982 541 2047 arbitrarentur.
561 1984 645 2062 Quod
659 1983 752 2066 igitur
767 1983 985 2060 adolescentes,
1004 1982 1069 2045 etii
1085 1983 1202 2065 quidem
1213 2003 1275 2044 non

245 2189 288 2238 74.
305 2192 471 2253 praesertim
482 2193 548 2238 seni.
562 2186 620 2251 Vgl.
635 2189 658 2252 ᾗ.
673 2189 715 2239 61.

244 2273 417 2335 meditatum,
440 2272 581 2338 passiviscb
592 2311 599 2336 ,
612 2274 662 2323 wie
676 2274 717 2323 di-

211 2356 304 2392 mensu
318 2342 341 2404 §.
357 2341 398 2388 59.
419 2341 549 2405 adeptum
562 2340 587 2404 ξ.
602 2343 628 2389 4.

769 2190 816 2240 dos
830 2193 859 2239 in
871 2195 968 2239 senatu
990 2204 1041 2239 iton
1056 2192 1176 2237 censuit:
1203 2186 1274 2248 dein,

768 2275 829 2307 cum
849 2262 1017 2308 retineretur
1035 2273 1052 2306 a
1066 2259 1229 2320 propinquis
1249 2259 1277 2304 ct

768 2328 801 2376 ab
814 2329 925 2389 uminis,
947 2326 983 2375 nd
1003 2325 1166 2390 supplicium
1185 2323 1277 2373 redire

244 2413 386 2471 incertum,
401 2423 434 2457 un
449 2410 498 2457 bno
510 2408 630 2472 apindice,
646 2409 716 2458 siche
767 2395 869 2443 malm'l
877 2431 884 2457 2
906 2410 987 2459 quem
996 2395 1080 2456 fidem
1095 2394 1170 2443 110111
1181 2391 1276 2440 datam

211 2495 244 2530 zu
256 2477 332 2530 barud
343 2480 399 2527 scio
413 2491 447 2525 un
461 2475 485 2541 ξ.
500 2477 549 2540 56,
564 2477 616 2540 vgl.
632 2476 656 2542 ξ.
671 2479 684 2526 7
690 2478 715 2527 3.
760 2462 876 2528 fallere·
899 2507 902 2513 .

246 2550 336 2597 uninto
356 2549 516 2606 consistere,
550 2546 597 2596 mit
621 2546 716 2596 seioem

211 2613 297 2664 Geiste
312 2614 461 2677 ieststcbcn,
476 2615 528 2665 d.i.
543 2616 715 2680 einenlesten,

210 2682 317 2743 rubigen
331 2681 393 2731 Sinn
405 2683 497 2732 baben.

244 2749 276 2798 L.
296 2750 430 2812 Brutum,
454 2754 503 2813 qui
519 2777 554 2788 -
572 2756 717 2803 66116161·-

156 2848 158 2853 »
202 2816 315 2881 fectus,
330 2815 364 2866 im
378 2815 550 2885 Zweilrampie
562 2821 608 2869 mit
621 2821 713 2883 Aruns,

210 2886 267 2934 dem
288 2883 370 2935 Sobne
396 2886 440 2935 ‹les
465 2884 630 2952 Tarquinius.
655 2887 713 2937 Liv.

209 2952 232 3002 ll
265 2953 290 3004 6.

242 2991 288 3088 lb.
310 3037 376 3089 duos
388 3040 496 3105 Decios,
510 3041 593 3106 vglc.
604 3042 629 3106 9,
638 3041 661 3108 ξ.
671 3041 714 3093 29.

243 3123 281 3174 M.
295 3125 422 3174 Atilium.
449 3122 483 3175 M.
497 3126 592 3177 Atilius
605 3126 716 3192 Regulus

209 3193 243 3242 im
263 3200 350 3243 ersten
369 3193 506 3259 puniscbcn
524 3192 617 3260 llriegc
635 3212 714 3260 gegen

209 3261 250 3311 die
268 3259 498 3324 Karthaginienser
516 3264 624 3328 anlangs
649 3265 717 3329 sieg-

209 3331 277 3379 reicb
297 3331 385 3380 wurdo
405 3331 455 3381 255
474 3347 500 3382 v.
515 3331 576 3384 Cbr.
597 3349 646 3383 von
660 3333 715 3383 dem

209 3395 517 3465 SpartanerXantbippus
531 3401 556 3449 in
569 3400 657 3451 ufrikc
671 3417 716 3464 ge-

207 3465 344 3529 scblegen,
360 3467 484 3532 gelangen
499 3484 644 3532 genounmen
666 3471 716 3519 und

208 3533 242 3583 im
255 3533 280 3583 l.
290 3533 340 3582 250
353 3548 403 3583 von
416 3536 463 3585 den
472 3530 716 3602 llartbaginie'nsern

209 3601 248 3651 als
262 3600 452 3653 Unterhttncter
470 3606 532 3654 nach
547 3605 608 3654 llcrn
627 3621 717 3669 gesen-

210 3670 263 3720 det.
281 3668 478 3721 Austthrttches
498 3673 561 3722 iiber
579 3673 648 3722 scine
663 3673 715 3724 Ge-

209 3738 439 3804 wissenbaltigkcit
452 3739 527 3790 116111
537 3740 590 3790 Cic.
606 3742 636 3791 dc
650 3742 714 3792 ollic.

208 3806 229 3870 l,
246 3808 277 3857 13
291 3809 349 3858 init.
361 3845 385 3859 ..
401 3823 461 3858 cum
474 3809 505 3858 de
519 3813 632 3874 captiuis
645 3827 716 3861 cnm·

209 3877 347 3927 mutandis
371 3876 484 3928 Rumam
509 3882 609 3929 missus
633 3885 711 3944 esset,

207 3946 378 4012 iurassetque
402 3963 430 3996 se
453 3948 626 4013 rediturum,
655 3952 715 4014 pri-

804 2548 870 2597 duos
884 2546 1031 2612 Scipiones,
1046 2561 1067 2593 s.
1083 2560 1105 2593 c.
1121 2545 1146 2607 9,
1161 2541 1185 2607 ξ.
1201 2543 1243 2592 29.

803 2637 852 2698 qui
868 2636 924 2681 iter·
935 2631 1032 2679 Poenis
1051 2628 1094 2678 nel
1112 2630 1275 2694 corporibus

766 2705 823 2750 suis
835 2702 974 2750 obstruere
980 2694 1134 2747 uoluerunt.
1149 2697 1275 2747 Acbnlicb

767 2768 848 2817 hcisst
861 2782 888 2816 cs
902 2765 1026 2815 Paradox.
1040 2764 1060 2828 1,
1070 2782 1093 2815 c.
1102 2766 1127 2828 2,
1142 2765 1166 2830 ξ.
1184 2766 1214 2815 12
1224 2782 1275 2815 von

768 2835 921 2886 denselben:
941 2833 1212 2900 Karthaginiensium
1225 2835 1276 2884 ad-

766 2910 876 2954 venturn
894 2905 1051 2968 corporibus
1072 2905 1276 2954 611611ίηί66616-

768 2973 884 3023 dendum
891 2977 1071 3037 putauerunt.

801 3059 980 3120 L.Puullum‚
996 3073 1017 3107 s.
1033 3073 1055 3107 c.
1065 3055 1175 3122 9,§.29.
1190 3056 1217 3105 ln
1228 3058 1276 3106 der

767 3127 888 3178 Sublacbt
900 3127 940 3176 bei
955 3125 1042 3176 Canni
1059 3125 1099 3175 1161
1114 3141 1143 3174 er
1154 3125 1179 3174 in
1192 3125 1276 3190 tapie-

767 3213 811 3247 rer
823 3195 996 3260 Gegenwehr,
1008 3192 1130 3245 wiibrcntl
1147 3193 1203 3243 scin
1217 3193 1277 3244 Col-

767 3267 824 3330 lege
844 3265 874 3314 C.
889 3263 1026 3314 Terentius
1043 3261 1143 3325 Varro,
1164 3263 1210 3312 der
1227 3278 1276 3313 zur

769 3333 891 3382 Sohlaobt
903 3332 1077 3395 nnvorsicbtig
1086 3331 1208 3394 geratbcn
1219 3331 1277 3381 bat·

767 3409 792 3450 te
805 3399 971 3465 (temeritas)
982 3437 989 3463 ,
1003 3400 1043 3449 die
1053 3399 1146 3449 Flucbt
1160 3399 1257 3462 ergriff.

801 3503 839 3553 M.
848 3502 1018 3553 Marcellum.
1033 3499 1066 3550 M.
1076 3501 1197 3552 Claudius
1206 3500 1277 3552 Mar-

767 3571 848 3622 cellus
861 3570 998 3635 siegtc215
1013 3569 1053 3620 bei
1067 3569 1141 3635 Nola,
1156 3570 1276 3622 eroberte

768 3640 817 3690 212
827 3639 941 3707 Syrakus
955 3639 1143 3690 undward208
1152 3639 1276 3690 wibrend

768 3709 851 3759 seines
870 3707 970 3759 liinlten
990 3706 1126 3757 Consulatu
1146 3724 1196 3758 von
1209 3707 1278 3757 Han-

767 3777 837 3827 nibal
860 3777 886 3825 in
904 3776 979 3825 einen
998 3774 1145 3827 Hinterbalt
1163 3776 1275 3841 gcloclrt,

766 3845 920 3910 gescblagcn
933 3843 984 3893 und
996 3845 1120 3908 getbdtet.

800 3963 832 3998 ne
846 3948 1050 3998 crudelissimus
1063 3963 1090 4012 q.
1105 3949 1132 3997 b.
1141 3963 1278 3998 —curero

207 4025 298 4078 cuum,
318 4020 349 4063 ut
362 4019 449 4080 vonit,
465 4020 586 4082 captiuos
599 4017 713 4068 redden·
761 4033 861 4084 pascus
882 4023 932 4068 cst.
964 4015 1019 4068 Von
1041 4017 1087 4067 der
1110 4016 1277 4068 obrenvollcn
