2656 4672
395 373 484 425 mro
504 372 619 425 muron.
640 372 792 440 §.rr-74.
917 362 919 371 '
1085 367 1121 426 51

152 526 318 591 Senectutis
335 540 434 591 autem
449 527 548 588 nullus
564 537 610 591 est
625 537 727 590 certus
743 528 908 604 terminus,
934 540 1074 612 recteque
1089 534 1119 597 in
1133 537 1183 604 211

65 634 102 677 ea
115 612 247 691 vivitur,
264 614 358 694 quoad
374 630 481 676 munus
498 611 585 674 officii
601 613 711 694 exequi
728 623 757 675 et
773 614 852 676 tueri
868 615 984 696 possis,
1012 637 1052 679 ex
1067 639 1126 699 quo
1141 633 1174 682 72

63 700 108 777 fit,
127 710 159 761 ut
173 699 337 761 animosior
351 699 440 761 etiam
457 708 598 761 senectus
614 699 665 776 sit,
683 719 772 781 quum
785 700 999 778 adolescentia,
1018 711 1048 763 et
1063 703 1124 765 for-

63 786 134 848 tior.
167 784 230 847 Hoc
245 783 317 846 illud
332 794 397 861 est,
423 783 500 865 quod
515 783 674 846 Pisistrato
690 792 820 866 tyranno
836 805 854 847 a
871 785 982 848 Solone
997 807 1123 870 respon-

63 891 129 935 sum
145 882 211 948 est,
228 890 318 951 quum
332 869 376 931 illi
392 868 567 950 quaerenti,
592 890 648 950 qua
663 869 783 931 tandem
799 890 852 952 spe
868 871 962 934 fretus
984 871 1041 934 sihi
1064 883 1123 939 tam

63 955 220 1020 audaciter
235 954 411 1032 obsisteret,
428 955 620 1037 respondisse
637 954 766 1031 dicitur,
785 953 964 1017 Senectute.
1005 956 1063 1020 Sed
1077 958 1123 1019 vi-

61 1041 154 1105 vendi
171 1050 217 1103 est
232 1039 300 1102 linis
317 1040 444 1122 optimus
455 1060 597 1121 „quum‚
615 1040 844 1123 integramente
860 1041 1011 1122 certisque
1027 1043 1124 1105 sensi-

60 1126 130 1203 hus,
149 1145 223 1208 opus
238 1126 302 1207 ipsa
317 1145 402 1188 suum
419 1125 533 1201 eadem,
552 1145 626 1207 quae
641 1124 875 1207 coagmentavit,
891 1136 999 1189 natura
1015 1127 1123 1190 dissol-

61 1211 118 1274 vit.
143 1211 182 1274 Ut
196 1229 321 1288 navem,
341 1221 372 1272 ut
387 1210 552 1274 aedilicium
568 1211 646 1273 idem
661 1210 790 1274 destruit
805 1209 963 1287 facillime,
987 1213 1036 1293 qui
1052 1234 1123 1275 eou-

61 1297 186 1372 struxit,
205 1294 249 1358 sio
264 1295 413 1357 hominem
430 1298 664 1379 eademoptime‚
682 1315 758 1378 qnae
768 1296 997 1379 conglutinavit,
1016 1307 1124 1361 natura

61 1381 211 1446 dissolvit.
251 1380 311 1442 lam
334 1381 431 1443 omnis
447 1381 663 1463 conglutinatio
686 1400 793 1443 recens
817 1400 928 1461 aegre,
952 1382 1124 1446 inveterata

61 1466 149 1530 facile
166 1466 328 1528 divellitur.
353 1465 397 1528 lta
411 1465 457 1542 fit,
476 1476 508 1527 ut
522 1467 594 1529 illud
609 1467 698 1530 breve
709 1466 788 1527 vitae
803 1464 949 1545 reliquum
965 1487 1021 1527 nec
1037 1469 1123 1531 avide
1139 1538 1142 1543 ,

63 1552 258 1635 appetendum
275 1549 396 1613 senibus
412 1570 468 1613 nee
483 1550 549 1613 sine
566 1572 658 1614 causa
674 1550 870 1613 deserendum
887 1549 938 1611 sit.
976 1550 1123 1633 Vetatque
1141 1565 1172 1614 73

61 1637 247 1721 Pythagoras
262 1635 379 1698 iniussu
393 1635 594 1718 imperatoris,
612 1637 713 1712 idest,
732 1634 791 1712 dei,
809 1636 845 1697 de
854 1635 1003 1716 praesidio
1016 1647 1046 1698 et
1062 1648 1122 1699 ste-

61 1723 145 1786 tione
167 1721 248 1785 vitae
272 1720 427 1784 decedere.
468 1720 585 1786 Solonis
609 1722 724 1803 quidem
748 1720 893 1802 sepientis
917 1721 1044 1804 elogium
1061 1732 1119 1798 est,

61 1828 120 1891 quo
142 1827 175 1869 se
191 1816 282 1889 negat
297 1806 376 1870 velle
392 1826 476 1869 suem
492 1817 617 1870 mortem
641 1805 744 1869 dolore
760 1806 923 1868 amicorum
940 1816 969 1870 et
985 1807 1122 1869 lamentis

60 1912 182 1956 vacare.
200 1891 282 1967 Vult,
297 1892 405 1968 credo,
417 1911 637 1955 seessecerum
653 1891 728 1955 suis.
749 1889 805 1953 Sed
821 1890 899 1953 haud
915 1891 990 1970 scio,
1009 1913 1046 1955 an
1061 1912 1124 1954 me·

62 1977 119 2040 lius
134 1978 268 2041 Ennius:

226 2059 329 2205 &erto
345 2082 393 2122 mc
409 2064 557 2122 lacrumis
572 2061 711 2134 decoret,
729 2082 827 2144 neque
842 2061 1059 2142 somercstetu

253 2146 337 2206 uuit.

59 2229 129 2294 Non
146 2239 250 2292 censet
264 2228 419 2311 lugendam
436 2247 504 2291 esse
520 2239 665 2304 mortem,
690 2249 777 2309 quam
792 2226 1000 2290 immortalitas
1017 2251 1122 2303 conse-

61 2324 180 2396 quatur.
226 2313 286 2375 lum
310 2332 416 2376 sensus
439 2313 584 2376 moriendi
608 2313 715 2395 uliquis
741 2333 809 2379 esse
830 2323 945 2395 potest,
978 2314 1065 2397 isque
1087 2317 1120 2379 ad
1139 2330 1171 2379 74

60 2502 127 2564 lero,
142 2502 294 2552 namentlich
307 2499 422 2565 Tacitus,
437 2501 568 2565 allgemoi-
619 2501 748 2550 lamentis
772 2515 878 2549 occare.
909 2498 962 2550 Der
980 2500 1125 2567 Aussprnch

15 2618 18 2623 .
62 2586 106 2621 ner
123 2569 197 2620 wind.
223 2570 266 2620 Boi
280 2569 370 2620 Cicero
389 2570 415 2619 in
434 2569 566 2620 denselhen
618 2568 652 2618 ist
666 2583 712 2617 eus
730 2567 812 2618 einem
830 2567 975 2631 elegisohen
990 2567 1123 2634 Gedichtc,

61 2638 148 2691 Weise
163 2644 325 2689 octrumum.
618 2637 688 2687 nicht
700 2651 746 2685 aus
760 2637 831 2686 einer
844 2633 1016 2688 Grnhschrilt.
1033 2637 1124 2689 Cicero

93 2723 140 2756 rec
160 2711 217 2756 sine
235 2722 317 2758 ceusu
330 2705 505 2756 deserendum
518 2709 565 2756 sit.
618 2706 710 2755 konnte
724 2704 802 2768 aher,
824 2704 905 2754 selhst
922 2720 995 2755 wenn
1015 2707 1065 2758 ihm
1078 2708 1125 2757 das

59 2774 130 2825 Nach
143 2773 386 2825 derStoilierLehre
400 2775 434 2825 ist
443 2772 567 2824 esPllicht
618 2775 651 2824 im
662 2772 847 2824 Gediichtuisse
860 2789 925 2838 war,
939 2774 982 2824 ihn
996 2776 1034 2825 uls
1043 2774 1125 2826 Grab-

60 2842 239 2905 desWeisen,
261 2842 385 2892 selbstim
400 2841 496 2893 Gliicha
510 2843 566 2893 dem
617 2841 709 2893 schrift
733 2842 872 2907 (elogium)
895 2842 1065 2907 bezeichnen,
1091 2845 1125 2894 du

59 2912 146 2962 Lehen
161 2911 201 2961 ein
214 2910 286 2960 unte
306 2926 338 2960 zu
351 2911 472 2974 macheu,
491 2927 566 2961 wenn
618 2912 663 2962 der
674 2910 758 2961 lnhalt
771 2909 904 2961 desselben
918 2911 971 2962 sich
979 2912 1046 2962 wohl
1058 2913 1124 2962 dazn

59 2981 105 3029 der
129 2978 216 3028 rechte
234 2977 372 3044 Zeitpuulrt
394 2978 568 3043 (opportuoi-
617 2981 727 3044 eigncte.
760 2979 813 3030 nso
836 2979 970 3031 Distiohon
994 2982 1063 3031 steht
1082 2980 1125 3032 toi

59 3053 113 3112 tus,
127 3042 264 3116 εὐκαιρία)
279 3047 310 3096 da
324 3047 372 3096 sei.
392 3045 448 3096 Cic.
465 3046 496 3096 de
509 3047 566 3096 lini·
617 3047 754 3111 Plutarch,
779 3045 969 3109 Vergleiohung
989 3050 1033 3098 des
1047 3048 1123 3097 Solon

58 3116 106 3167 hus
124 3115 246 3167 honorum
263 3123 291 3166 et
308 3116 432 3166 malorum
451 3113 501 3177 lll,
523 3115 564 3178 18,
616 3117 666 3166 und
679 3114 714 3166 Po
732 3114 809 3165 licola
821 3130 847 3163 c.
863 3114 895 3163 1:

58 3187 106 3236 613
126 3186 165 3236 nt
180 3199 259 3251 scope
278 3184 393 3249 αβαααι
405 3188 446 3234 ost
458 3187 566 3247 sapion-
650 3131 740 3246 Male
759 3199 809 3250 μοι
830 3174 984 3240 ἄκλαυστος
1000 3179 1125 3248 θάνατος

60 3258 114 3318 tu,
132 3254 281 3304 desciscere
299 3268 316 3302 α
334 3257 392 3304 uite
399 3290 408 3315 ,
432 3268 515 3318 quum
527 3255 567 3302 αϊ
780 3245 875 3319 μόλοι,
891 3245 960 3300 ἀλλὰ
997 3252 1081 3302 {loom

60 3325 246 3385 lentescimus,
264 3324 291 3370 α’
306 3321 335 3370 id
352 3327 505 3386 opportune
515 3322 566 3388 su·
650 3319 840 3387 Καλλείποιμι
857 3311 955 3371 saror
974 3314 1059 3388 α’λγεα
1077 3321 1125 3372 καὶ

59 3407 117 3442 cere
128 3394 227 3457 possit.
247 3389 294 3441 Sic
307 3391 376 3438 erim
386 3396 504 3453 censent,
518 3407 566 3456 op·
782 3380 930 3454 στοναχάς.

26 3511 31 3522 ,
57 3463 240 3526 portunitetir
271 3473 327 3507 esse
358 3459 433 3508 hecto
464 3463 563 3522 uiuere,
617 3471 664 3506 ron
679 3455 769 3507 Cicero
789 3456 870 3506 selhst
882 3456 1016 3507 iihersetzt
1027 3457 1124 3524 disput.

58 3529 132 3596 quod
143 3535 186 3581 est
198 3530 384 3578 conuenienter
397 3532 515 3577 naturae
527 3531 566 3576 oi·
615 3523 722 3576 lhscul.
731 3524 751 3590 1,
761 3525 804 3589 ts,
814 3525 879 3575 117:

58 3612 119 3648 uero
137 3597 197 3662 (wie
217 3595 280 3647 nach
297 3591 565 3660 MadvigsVerhessc-
633 3595 709 3646 More
731 3609 791 3645 moa
815 3609 848 3644 rte
868 3599 963 3645 curret
986 3594 1123 3645 lacrimis.-

61 3681 127 3729 rung
140 3682 172 3716 zu
184 3666 256 3716 lesen
269 3664 326 3728 ist).
783 3664 937 3728 linquamus
956 3666 1053 3713 amicis

94 3735 137 3785 73.
157 3734 342 3801 Pythagoras,
356 3747 377 3782 s.
392 3748 415 3782 c.
429 3732 453 3795 7,
468 3730 510 3780 23.
632 3733 801 3796 Memorem,
820 3739 852 3783 at
869 3732 1004 3782 celebrent
1014 3731 1123 3794 sunere

93 3804 125 3854 de
138 3802 279 3866 praecidio
298 3807 326 3852 et
343 3803 477 3865 elutione,
497 3799 565 3850 Heu·
782 3816 842 3850 cum
859 3802 975 3864 gemitu.

57 3870 188 3938 diadyoin,
206 3869 444 3935 „Wachtposten.“
651 3868 727 3918 haud
737 3871 793 3917 scio
805 3881 840 3917 αα
853 3868 960 3929 melius,
974 3865 1026 3928 egl.
1040 3881 1063 3914 c.
1081 3864 1121 3927 16,

93 3941 211 4006 elogium
224 3943 278 4003 ert,
298 3954 350 4005 quo
363 3953 391 3988 ee
402 3943 487 4001 neget
497 3936 564 3987 velle
617 3935 641 4002 ξ.
662 3937 704 3987 56.

57 4025 136 4061 suam
148 4013 264 4060 mertem
276 4007 370 4060 dolore
379 4010 530 4057 amicorum
537 4011 566 4057 ot
643 4003 897 4072 sactt=soccrtr,·
910 4001 963 4051 ulte
975 3999 1060 4053 Fortu.

928 4085 961 4138 4·

1064 4166 1112 4237 Ὀ
