2656 4672
206 373 247 435 38
537 387 625 438 etro
639 386 754 439 ultor.
780 388 805 454 ι.
820 390 932 439 ιι-ιι.

208 563 294 625 quam
310 542 376 603 siue
392 560 482 602 usura
497 539 613 616 reddit,
637 540 715 621 quod
731 541 861 624 accepit,
884 540 937 603 sed
957 540 1029 602 alies
1051 542 1185 614 minore,
1205 544 1265 625 ple·

204 646 328 708 rumque
341 625 454 687 maiore
470 646 536 686 cum
552 626 666 686 lenore.
686 625 867 725 Quamquam
884 646 931 688 me
947 625 1065 706 quidem
1077 646 1137 688 non
1149 627 1265 690 lructns

205 711 313 788 modo,
339 710 392 774 sed
417 710 505 772 etiam
528 709 622 792 ipsius
638 720 737 773 terrae
759 713 805 773 vis
822 732 856 773 ae
872 720 980 772 natura
1000 710 1141 772 delectat.
1182 712 1265 809 Quae

204 817 292 879 quum
314 794 429 877 gremio
446 795 558 857 mollito
575 815 610 857 ac
626 795 749 858 subacto
765 817 902 879 sparsum
918 815 1020 857 semen
1036 795 1176 879 excepit,
1203 798 1264 879 pri-

206 902 285 957 mum
301 881 332 942 id
348 891 536 942 occaecatum
553 878 688 957 cohihet3
714 902 749 944 er
765 901 822 962 quo
839 880 972 956 occatio,
1000 901 1074 961 quae
1091 879 1145 943 hoe
1161 882 1262 958 efficit,

205 967 357 1029 nominata
374 976 437 1044 est,
456 965 562 1027 deinde
578 965 756 1046 tepefactum
773 987 883 1048 vapore
899 976 930 1027 et
948 985 1121 1047 compressu
1137 986 1191 1028 suo
1208 966 1264 1028 dil-

203 1042 307 1143 ιιίᾃι,
333 1060 363 1112 ct
384 1013 466 1112 elidit
494 1048 718 1114 herbescentem
742 1072 839 1114 exeo
862 1049 1064 1127 viriditatem,
1094 1070 1168 1132 quae
1190 1051 1265 1114 nixa

203 1122 286 1199 tihi-le
307 1135 445 1218 stirpium
468 1135 579 1199 sensim
602 1134 766 1212 adolescit,
791 1135 944 1217 culmoque
966 1146 1067 1198 erecta
1091 1135 1263 1218 geniculato

203 1221 323 1303 vaginis
345 1220 404 1282 iam
421 1240 507 1304 quasi
499 1221 689 1318 'puhescens
704 1182 883 1298 includitur,
909 1241 925 1282 e
942 1219 1046 1302 quihus
1063 1241 1150 1317 quum
1167 1242 1265 1284 emer-

204 1306 254 1381 sit,
273 1305 370 1367 lundit
390 1306 507 1388 frugem
528 1305 602 1387 spici
594 1305 722 1369 ordine
738 1316 900 1382 structam,
928 1315 958 1368 et
974 1315 1078 1368 contre
1092 1305 1191 1368 avium
1208 1306 1265 1367 mi-

155 1403 187 1452 52
203 1411 309 1452 norum
325 1410 441 1452 morsus
457 1389 591 1451 munitur
606 1390 686 1452 vello
702 1391 874 1455 aristarum.
915 1390 992 1469 Quid
1017 1411 1072 1472 ego
1093 1389 1197 1452 vitium
1213 1412 1265 1452 or-

204 1486 263 1552 tus,
281 1485 377 1553 satus,
394 1474 580 1537 incrementa
597 1479 847 1540 commemorem?
833 1476 975 1539 tsuiari
988 1474 1185 1539 delectatione
1201 1496 1265 1537 non

204 1581 342 1643 possum,
373 1570 406 1620 ut
433 1579 518 1622 meae
540 1561 704 1625 senectutis
725 1563 856 1661 requiem
880 1561 1188 1642 oblectamentumque
1210 1582 1264 1623 ιιι-

203 1648 306 1707 scetis.
348 1643 457 1707 Omitto
480 1644 558 1707 enim
581 1645 643 1708 vim
665 1646 760 1728 ipsam
776 1649 924 1724 omnium,
950 1666 1026 1744 quae
1047 1657 1263 1728 generanture

203 1740 305 1807 terra,
328 1749 403 1814 quae
419 1751 457 1792 ex
474 1729 522 1793 lici
538 1731 653 1793 tantulo
669 1753 770 1829 ‘grano
793 1744 847 1795 aut
870 1753 910 1795 ex
925 1731 1002 1795 acini
1017 1731 1140 1793 vinaceo
1158 1740 1208 1794 aut
1220 1750 1263 1792 ex

202 1776 369 1876 ceterdrum
394 1816 511 1896 frugum
534 1836 569 1877 ac
591 1815 735 1898 stirpium
749 1816 956 1880 minutissimis
973 1815 1136 1878 seminibus
1161 1826 1262 1877 tantos

202 1908 325 1961 truncos
341 1919 500 1980 ramosque
521 1910 678 1980 procreet,
696 1901 838 1977 malleoli,
857 1901 986 1983 plantae,
1004 1911 1167 1976 sarmento,
1185 1900 1263 1962 vivi-

202 1982 331 2058 radices,
350 1982 528 2066 propagines
545 2004 645 2046 nonne
662 2003 697 2046 ee
712 1985 864 2061 efficiunt,
891 1995 923 2046 nt
938 1985 1072 2076 quemvis
1089 2005 1154 2047 cnm
1171 1985 1263 2047 admi-

230 2170 390 2235 plerumque
413 2170 551 2236 entsprioht
569 2170 624 2221 dem
644 2186 705 2220 vor-

199 2236 377 2300 hergehenden
390 2239 472 2288 altus.

232 2338 397 2389 quamquam
420 2337 462 2370 rne
481 2323 640 2387 quidcm-
659 2323 705 2398 de-

197 2391 290 2442 l.ectat
301 2389 370 2453 Vgl.
382 2405 404 2438 c.
419 2390 435 2438 4
438 2387 484 2453 ,§.
497 2390 538 2440 tc.

232 2479 411 2537 occaecatum,
421 2475 570 2525 unsichthar
577 2477 703 2540 gemacht.

233 2577 267 2609 ex
279 2575 331 2624 quo
345 2563 640 2611 occatio—nominata
653 2566 703 2610 est.

199 2626 307 2677 Falsche
316 2626 484 2695 lltymologie.
498 2628 706 2680 Oecaiiokommt

198 2708 247 2741 von
266 2709 360 2744 occare
379 2711 480 2759 eggen
500 2697 560 2758 her,
586 2710 640 2745 was
659 2711 706 2758 gar

199 2760 282 2809 nichts
294 2761 341 2809 mit
354 2777 464 2825 caecus,
479 2779 568 2813 wovon
581 2779 706 2814 occaeca-

199 2834 252 2889 tus,
267 2829 426 2891 gemeinhat.

234 2927 302 2978 quae
324 2918 392 2965 nina
409 2916 494 2975 fibris
512 2941 547 2950 -
561 2915 703 2965 adolescit.

127 2985 128 2989 ’
200 2981 275 3045 Quae
286 2981 357 3031 nicht
369 2981 418 3030 wie
433 2982 479 3031 das
497 2982 705 3046 vorhergehende

199 3049 706 3115 quaequumgremiosqq.culterrazu

198 3117 331 3181 heziehen‚
341 3117 451 3167 sondern
459 3118 506 3169 aul
509 3119 634 3170 viriditas
641 3120 705 3177 edas

197 3199 244 3235 aus
258 3186 314 3235 dem
327 3184 482 3235 Samenkorn
498 3186 556 3236 auls
559 3184 705 3252 priessehdc

199 3252 270 3303 Griin
289 3203 705 3319 wiichst,dn1·ethrzell‘dden

198 3321 287 3437 ὶιιθιιιαιῃι
300 3321 369 3372 Ειιιι
387 3292 572 3387 destgchalten,
592 3323 706 3388 attmtitig

198 3454 706 3590 ..ιιιιιιιιιιιιιιιιξιῑ

199 3591 216 3639 i.
231 3592 636 3656 inregelm'dssigerhehrenform
648 3592 705 3645 enf-

198 3660 329 3778 ὅθΙιθιιηιιι
339 3743 414 3778 ιιιαι
425 3732 573 3779 senectutis
585 3733 706 3805 requio·

199 3796 251 3847 obl.
265 3800 401 3865 noseqtis,
422 3797 492 3846 nicht
511 3792 641 3864 ablingig
654 3794 704 3848 voh

198 3868 300 3916 satiari
311 3874 365 3916 non
374 3880 501 3931 possum,
526 3868 635 3917 sonderu
655 3882 704 3917 von

197 3931 280 3982 einem
316 3933 576 3986 hinzuzudenkenden
608 3935 702 3986 Satze:

200 3998 268 4061 „das
282 4015 342 4064 sege
355 4002 505 4079 ieheuch,“
525 4003 581 4053 elne
595 4003 703 4070 Ellipse,

756 2172 796 2223 die
829 2173 892 2222 auch
917 2188 1024 2223 unserer
1048 2172 1160 2238 Sprache
1194 2172 1263 2221 nicht

756 2241 837 2292 fremd
856 2242 900 2291 ist.
932 2240 1107 2304 „Dcriiher
1131 2241 1198 2291 kann
1223 2241 1264 2290 ioh

755 2309 821 2359 mich
835 2310 904 2358 nicht
916 2324 998 2373 genug
1016 2309 1118 2376 irenen,
1142 2309 1152 2372 (
1170 2308 1198 2372 ),
1219 2309 1265 2357 de·

756 2377 802 2425 init
819 2377 958 2439 ihrwisst,
978 2377 1058 2425 worin
1078 2376 1117 2424 die
1131 2374 1265 2440 Erholnng

756 2444 807 2493 und
826 2444 872 2493 der
890 2413 989 2494 Gendss
1006 2444 1101 2492 melnes
1113 2440 1200 2490 Alters
1219 2441 1266 2490 he-

757 2512 858 2562 steht.“

790 2595 917 2656 malleoli,
927 2594 993 2643 heim
1000 2592 1127 2643 Weinhan
1134 2592 1174 2642 die
1182 2590 1266 2642 Flich·

758 2679 809 2714 ser.
830 2661 971 2712 Columella
989 2658 1040 2723 lll,
1061 2661 1093 2709 6:
1118 2660 1263 2711 Malleolus

756 2736 847 2780 nutem
859 2729 979 2778 novellus
992 2733 1035 2779 est
1046 2730 1165 2794 palmes,
1186 2732 1265 2779 ιἰιιια-

758 2804 803 2848 tus
818 2800 922 2863 prioris
935 2800 1003 2846 anni
1013 2797 1144 2862 fiagello,
1164 2812 1264 2862 cogno·

699 2891 701 2895 ·
756 2869 930 2929 minaturque
953 2880 970 2914 a
996 2865 1178 2915 similitudine
1203 2870 1261 2930 rei,

757 2934 870 2999 quodie
883 2949 914 2982 ec
929 2938 1027 2998 purte,
1047 2948 1115 2998 qnae
1129 2933 1265 2984 deciditur

757 3018 792 3051 ecc
820 3008 909 3052 uetere
938 3007 1075 3051 sarmento
1101 3005 1264 3066 prominens

757 3073 904 3135 utrimque,
925 3070 1046 3120 malleoli
1056 3068 1263 3132 (Himmerchen)

756 3141 869 3205 speeiem
881 3138 1002 3204 praehet.

788 3223 911 3288 plantae,
924 3220 1064 3284 Setzlinge.
1078 3219 1150 3284 Virg.
1166 3218 1261 3288 Georg.

757 3289 788 3354 ll,
803 3289 850 3339 23:
864 3290 915 3338 Hie
924 3290 1036 3356 plantus
1051 3296 1142 3340 terreno
1159 3290 1265 3339 alseio-

757 3327 1264 3423 densdccorporemutrum(vomlllut-

756 3433 815 3474 ters
824 3432 834 3474 t
843 3426 950 3487 omme)
968 3427 1104 3490 Deposuit
1115 3425 1209 3476 sulcis.

791 3532 939 3589 sarmenta,
954 3523 1053 3589 lleiser,
1061 3528 1142 3590 junge
1148 3525 1263 3589 Zweige,

756 3594 853 3644 welche
866 3609 924 3644 vom
933 3594 1026 3643 Bunme
1039 3595 1200 3656 geschnitten
1211 3593 1264 3644 und

756 3662 802 3712 der
815 3661 881 3711 Erde
894 3661 990 3713 wieder
1008 3669 1173 3725 anvertraut,
1194 3663 1220 3712 d.
1235 3663 1262 3711 h.

755 3730 913 3780 anderw‘drts
930 3730 1058 3794 gepdanzt
1075 3731 1194 3793 werden3
1216 3745 1265 3780 nur

756 3798 867 3850 dadureh
874 3797 1068 3847 unterschieden
1078 3812 1127 3847 von
1136 3799 1262 3864 plantae,

756 3868 817 3917 dass
835 3866 905 3916 diese
917 3864 1029 3928 Ahleger
1046 3882 1096 3917 von
1115 3866 1172 3929 den
1184 3866 1264 3916 sehon

756 3935 1020 3998 hersngewachsenen
1056 3935 1165 3998 Baumd,
1209 3934 1263 3984 und

757 4003 827 4053 nicht
838 4005 887 4053 wie
901 4003 941 4054 die
950 4005 1066 4070 plantae
1078 4017 1134 4054 vom
1148 4000 1262 4055 sumne

1090 4306 1180 4463 ιι-
