2656 4672
124 400 128 405 .
185 356 225 416 56
517 370 605 422 enno
620 371 733 423 muron.
755 373 779 437 e.
794 373 906 424 eo-m.

137 539 169 588 80
186 536 235 587 tur
257 544 324 588 esse
348 524 511 601 ereditote,
537 524 654 587 etiamsi
678 525 790 587 nullum
812 525 962 589 videbitis.
1001 526 1064 590 Nee
1088 550 1161 592 vero
1186 531 1247 596 ela·

184 631 286 673 rorum
310 610 445 672 virorum
468 621 535 693 post
561 620 687 672 mortem
709 609 840 673 honores
856 613 1090 693 permanerent,
1122 617 1148 678 si
1173 615 1247 679 nihil

185 715 288 757 eorum
318 697 450 778 ipsorum
473 695 564 757 animi
589 696 757 772 efficerent,
790 717 847 776 quo
873 696 981 760 diutius
1003 700 1175 762 memoriam
1199 703 1247 765 sui

185 792 369 852 teneremus.
417 780 490 842 Mihi
513 780 632 861 quidem
655 801 803 861 nunquam
830 782 1001 861 persuaderi
1031 784 1144 865 potuit,
1180 788 1246 847 ani-

184 887 261 945 moS,
279 866 346 928 dum
363 866 395 929 in
411 865 585 948 corporibus
603 874 705 929 essent
721 865 907 944 mortalibus,
925 868 1041 944 vivere,
1059 890 1147 950 quum
1163 871 1245 933 exis-

184 961 253 1014 sent
275 972 315 1014 ex
330 951 386 1027 iis,
411 951 523 1026 emori,
549 971 604 1013 nee
619 969 712 1027 vero,
737 961 797 1012 tum
814 952 942 1014 animum
958 973 1027 1016 esse
1042 953 1243 1036 insipientem,

185 1058 273 1119 quum
290 1057 330 1098 ex
345 1036 498 1119 insipienti
514 1055 637 1119 eorpore
654 1035 821 1112 evasisset,
841 1039 910 1114 sed,
930 1059 1017 1119 quum
1034 1040 1113 1101 omni
1130 1040 1247 1102 admix-

184 1123 266 1184 tione
288 1124 422 1205 eorporis
437 1122 598 1197 liberatus,
624 1143 715 1203 purus
731 1130 760 1183 et
776 1122 893 1204 integer
909 1142 976 1186 esse
994 1124 1159 1206 coepisset,
1183 1135 1247 1187 tum

186 1227 254 1272 esse
270 1207 446 1290 sapientem.
471 1205 568 1289 Atque
585 1206 685 1282 etiam,
705 1228 793 1288 quum
810 1207 935 1270 hominis
952 1219 1059 1270 natura
1074 1220 1171 1272 morte
1188 1211 1247 1274 dis-

187 1290 326 1366 solvitur,
345 1302 640 1383 eeterarumOrerum
659 1292 845 1374 perspicuum
863 1305 920 1372 est,
940 1295 1247 1376 quoquaequedisoe-

188 1377 255 1454 dat,
280 1377 391 1440 abeunt
406 1378 484 1440 enim
500 1378 599 1440 omnia
614 1376 702 1454 illue,
729 1379 806 1440 unde
830 1387 896 1440 orta
919 1388 1007 1456 sunt3
1033 1380 1148 1442 animus
1170 1402 1245 1443 vero

185 1463 266 1524 solus
284 1483 351 1539 nee,
371 1484 457 1545 quum
474 1463 569 1540 adest,
589 1483 655 1538 neo,
675 1485 761 1545 quum
779 1463 920 1540 discedit,
937 1475 1071 1546 apparet.
1096 1465 1155 1528 lam
1170 1487 1246 1529 vero

138 1559 168 1610 81
186 1547 314 1624 videtis,
339 1548 413 1611 nihil
436 1568 503 1611 esse
525 1549 695 1611 mortitam
718 1549 832 1624 simile,
856 1570 943 1630 quam
965 1570 1112 1612 somnum.
1155 1550 1247 1634 Atqui

184 1632 395 1696 dormientium
412 1634 501 1696 animi
518 1635 648 1696 maxime
665 1634 818 1697 declarant
831 1634 1018 1697 divinitatem
1034 1656 1135 1713 suam,
1153 1636 1248 1698 multa

185 1719 277 1794 enim,
296 1740 385 1800 quum
399 1718 521 1792 remissi
538 1730 568 1781 et
583 1719 670 1780 liberi
687 1729 767 1795 sunt,
786 1722 885 1782 futura
921 1721 1095 1803 respiciunt.
1120 1722 1168 1782 Ex
1187 1743 1245 1801 quo

184 1803 382 1886 intelligitur,
407 1804 506 1885 quales
522 1804 613 1865 futuri
629 1805 707 1880 sint,
732 1826 818 1886 quum
836 1825 868 1868 se
885 1741 971 1887 plane
988 1806 1122 1889 eorporis
1137 1805 1245 1870 vinelis
1271 1839 1275 1849 x

166 1889 402 1961 relaxaverint.
450 1888 567 1966 Quare,
592 1888 619 1950 si
642 1887 715 1949 haee
738 1890 781 1949 ita
802 1899 888 1964 sunt,
913 1890 956 1950 sie
978 1911 1025 1952 me
1049 1891 1189 1967 eolitote,
1214 1901 1247 1952 ut

185 1974 289 2050 deum,
314 1974 361 2035 sin
385 1994 442 2035 una
463 1983 511 2034 est
533 1972 710 2034 interiturus
734 1973 850 2035 animus
874 1994 941 2034 oum
959 1996 1103 2058 corpore,
1128 1996 1184 2037 vos
1201 1986 1244 2036 te·

184 2079 271 2136 men,
290 2058 361 2122 deos
376 2069 536 2134 verentes,
560 2058 610 2139 qui
634 2057 709 2120 hane
730 2079 847 2120 omnem
864 2057 1108 2141 pulchritudinem
1125 2071 1247 2122 tuentur

104 2208 114 2229 .
185 2155 215 2206 et
229 2154 350 2226 regunt,
369 2144 541 2206 memoriam
557 2144 654 2207 nostri
669 2144 716 2226 pie
731 2143 933 2224 inviolateque
949 2146 1121 2208 servabitis.

180 2348 297 2413 gelatis.
332 2347 367 2399 Im
394 2347 525 2410 Original:
552 2341 687 2416 οὐδὲγὰρ

180 2417 231 2468 νῦν
244 2433 285 2485 top
299 2411 348 2479 τήν
360 2409 384 2481 γ’
393 2411 463 2497 ἐμὴν
473 2409 567 2480 ψυχὴν
574 2413 686 2483 ἑωρᾶτε,

181 2479 236 2534 ἀλλ’
252 2487 292 2542 οἱς
306 2484 503 2566 δίεπραττετο,
519 2477 625 2540 τούτοις
638 2477 688 2547 pei-

180 2559 230 2618 τὴν
243 2548 279 2611 ὡς
295 2567 382 2604 ουσαν
393 2554 598 2620 κατεφωρᾶτε..

217 2641 258 2688 80.
280 2657 327 2690 neo
339 2656 399 2690 vero
408 2668 442 2677 -
448 2645 650 2706 permanerent,
664 2644 690 2690 ei

182 2708 251 2756 nihil
265 2733 300 2745 —
319 2710 470 2772 efficerent,
491 2724 543 2773 quo
563 2736 597 2744 —
618 2715 687 2758 tene-

180 2789 281 2824 remus.
313 2773 395 2823 Sion!
414 2775 467 2824 Der
479 2775 559 2826 Ruhrn
572 2777 688 2827 beriihm-

182 2840 334 2893 ter'Miinner
343 2844 430 2892 wiirde
444 2843 514 2893 nieht
527 2843 686 2907 fortdauern,

181 2927 255 2961 wenn
275 2911 343 2960 nieht
362 2912 442 2961 selbst
464 2912 527 2960 naoh
547 2912 603 2961 dem
616 2911 686 2962 Tode

181 2981 237 3031 ihre
258 2978 359 3030 Geister
377 2980 433 3030 eine
457 2979 623 3042 Einwirkung
643 2979 691 3030 aul

182 3050 221 3099 die
235 3047 371 3099 Mensehen
385 3048 519 3099 ansiibteu.

216 3139 400 3200 trteapieotem,
438 3136 530 3199 „ohne
561 3134 686 3184 Bewusst·

184 3204 271 3254 sein.“
298 3204 343 3252 Bei
355 3202 496 3269 Xenophon
509 3195 618 3270 ἄφρων.

216 3291 264 3340 sed
274 3318 309 3325 —
323 3296 380 3340 tum
391 3305 446 3339 esee
458 3292 613 3353 sapientem.
634 3287 688 3338 Ans

182 3357 468 3422 demvorhergehendeu
476 3373 616 3422 nunquam
626 3372 688 3422 per-

181 3424 293 3475 suaderi
303 3430 395 3489 potuit
406 3426 441 3475 ist
454 3426 509 3475 hier
522 3426 566 3475 dus
581 3425 688 3475 affirme-

181 3493 233 3542 tive
246 3494 315 3541 mita·
322 3498 451 3557 persuasi
460 3510 492 3542 zu
506 3494 642 3557 ergiiuzeu.

218 3580 294 3629 omni
305 3578 379 3628 adm.
393 3606 427 3615 -
440 3580 586 3640 liberatus,
601 3570 688 3647 dupo-

184 3663 237 3705 τος.

218 3739 274 3784 tum
288 3728 347 3783 aissex
356 3734 513 3798 eapientem,
528 3743 642 3794 genauer
653 3728 687 3776 im

183 3801 380 3852 Grieehiselieu:
404 3795 466 3850 τότε
484 3799 531 3848 καὶ
544 3790 688 3866 φρονιμώ-

184 3886 267 3921 τατον
280 3865 350 3927 εἰκὸς
363 3863 447 3920 αὐτὸν
460 3865 539 3919 εἶναι..

217 3962 487 4018 emmerammum,
503 3953 630 4019 abhdngig
639 3968 688 4002 von

183 4023 239 4072 dem
252 4023 386 4088 folgenden
400 4039 529 4090 quaeque.

774 2349 875 2397 obeunt
884 2376 918 2383 -
932 2349 1001 2398 neratde
1015 2353 1079 2398 orta
1098 2355 1172 2398 erent.
1200 2349 1247 2396 Boi

738 2413 879 2532 Xepophon
898 2410 1019 2466 ἀπιόντα
1039 2410 1109 2484 πρὸς
1127 2410 1158 2464 τὸ
1176 2408 1245 2481 ὁμό-

740 2499 1035 2618 ‹plltlllithoimnunst
1050 2550 1187 2601 Untersatz
1195 2550 1245 2601 wie

739 2620 761 2684 δ’
774 2621 1053 2752 licileiinteuegator,
1069 2684 1243 2736 Sehlnsssatz.

773 2775 933 2836 quare-sie
940 2788 981 2821 me
989 2772 1101 2822 colitote
1111 2775 1143 2820 tet
1154 2770 1243 2820 deum.

739 2840 910 2891 Abweioliend
927 2855 984 2889 vom
1003 2838 1124 2890 Grieoh.:
1150 2837 1175 2888 εἰ
1192 2837 1245 2906 μὲν

738 2898 787 2959 οὖν
800 2900 887 2965 οὕτως
904 2907 961 2974 ἔχει
970 2906 1072 2968 ταῦτα,
1088 2899 1179 2973 ὥςπερ
1192 2905 1246 2973 ἔγω

738 2978 844 3058 olqpeoo,
864 2977 912 3026 καὶ
923 2972 939 3058 p‘p
953 2971 1029 3058 ψυχὴ
1038 2976 1201 3056 nouolutum
1214 2969 1245 3024 τὸ

739 3056 828 3126 empta,
842 3046 889 3096 καὶ
903 3060 951 3109 την
963 3043 1032 3126 lptqv
1044 3053 1138 3126 tpuppqv
1150 3060 1246 3093 καται-

738 3111 868 3184 δουμενοι
881 3117 986 3164 mortive
1000 3121 1017 3162 ἁ
1030 3111 1094 3179 ἔγω
1108 3110 1245 3179 δέομαι.

714 3228 718 3231 -
773 3202 841 3251 done
865 3215 969 3250 omnem
998 3197 1244 3264 pulchritudinem,

741 3270 831 3334 „diese
845 3269 938 3317 sehiine
953 3265 1058 3317 Welt.“

772 3339 930 3387 memoriam
943 3339 1034 3386 nostri
1043 3338 1087 3400 pie
1102 3333 1247 3383 inviolate-

735 3410 789 3470 ‘que
813 3405 969 3454 servabitis.
1003 3402 1174 3454 Abweiohend
1199 3401 1246 3450 des

739 3472 871 3535 Origiuel:
900 3467 1011 3541 μήποτε
1036 3466 1131 3534 ἀσεβὲς
1157 3465 1246 3537 μηδὲν

737 3538 809 3607 μηδὲ
821 3534 934 3592 ἀνόσιον
945 3536 1016 3610 μήτε
1029 3534 1163 3603 ποιήσητε
1175 3529 1246 3604 μήτε

738 3603 910 3674 βουλεύσητε.

774 3678 816 3728 82.
836 3684 931 3728 nostra
949 3677 1106 3736 videamus,
1128 3674 1168 3723 die
1187 3673 1246 3723 Bei-

740 3747 832 3812 spiele,
847 3747 887 3795 die
901 3761 991 3796 unsere
1005 3744 1077 3808 eigne
1092 3742 1246 3794 Gesohiohte

740 3815 875 3865 darbietet.

772 3889 880 3950 putrem
896 3887 972 3932 tuum
984 3880 1111 3930 Paullum
1119 3918 1127 3943 ,
1144 3895 1165 3928 s.
1181 3894 1204 3929 e.
1218 3878 1245 3941 6,

742 3949 755 4016 l
775 4013 1245 4086 duosevoe-potruum,s.e.9,§29.
