2656 4672
190 351 230 416 58
518 364 606 419 curo
625 367 742 419 uxrem
764 367 788 433 p.
803 367 915 418 ee-er.

193 520 355 583 convenire
371 539 459 597 aveo,
478 541 551 602 quos
566 521 631 603 ipse
648 520 795 603 cognovi,
813 519 948 584 sedilios
965 519 1074 596 etiem,
1092 521 1252 602 dequibus

188 604 290 675 audivi
310 616 339 668 et
354 605 414 689 legi
430 617 460 668 et
474 607 539 690 ipse
555 606 732 689 conscripsi.
764 604 828 684 Quo
850 604 966 687 quidem
987 625 1034 668 me
1057 606 1251 688 proficiscen·

191 702 248 754 tem
270 690 348 752 haud
369 711 443 755 seue
466 691 553 755 iaeile
576 691 642 774 quis
666 689 849 766 retraxerit,
869 710 965 773 neque
982 700 1120 772 tanquam
1137 690 1249 755 Peliam

189 775 361 854 reeexerit3
380 787 420 852 et,
440 777 466 838 si
481 778 546 858 quis
562 777 634 839 deus
650 777 722 839 mihi
738 775 895 858 largietur,
914 787 946 838 ut
962 797 1003 838 ex
1017 777 1072 838 har
1088 786 1184 839 aetate
1200 798 1250 840 re·

179 864 365 945 §sereseam
382 871 412 923 et
426 861 458 924 in
474 862 558 924 cuuis
574 862 702 943 regiam,
722 861 807 926 valde
822 881 971 937 recusem,
988 880 1129 923 necuere
1144 862 1246 938 velim,

140 958 173 1009 84
189 946 274 1029 quasi
290 945 417 1010 decurso
433 947 543 1028 spatio,
560 968 577 1009 e
594 948 675 1009 eelee
690 947 726 1009 ad
742 966 878 1009 eure-eres
895 947 1043 1009 revocari.
1079 945 1155 1024 Quid
1170 946 1249 1009 euim

188 1031 251 1094 vite
267 1030 354 1094 hebet
369 1033 536 1095 commodi?
551 1032 621 1115 quid
636 1054 696 1095 nou
705 1032 804 1115 potius
820 1030 951 1095 laboris?
968 1030 1026 1093 Sed
1037 1031 1144 1094 habeat
1157 1051 1249 1106 saue3

190 1116 280 1179 habet
295 1127 376 1179 certe
393 1128 492 1180 tamen
508 1127 560 1181 eut
575 1118 744 1181 satietatem
760 1127 811 1179 eut
826 1117 954 1179 medum.
989 1116 1058 1179 Non
1075 1117 1157 1180 lubet
1172 1117 1251 1180 enim

189 1202 260 1265 mihi
278 1202 434 1285 deplorare
458 1203 565 1280 vitem,
593 1205 670 1284 quod
686 1203 770 1266 multi
793 1214 823 1264 et
842 1202 864 1264 ii
880 1201 958 1263 docti
981 1221 1071 1284 saepe
1095 1203 1248 1280 feceruut3

190 1308 288 1369 neque
309 1307 356 1348 me
379 1287 495 1350 vixisse
516 1288 666 1371 poenitet,
694 1289 832 1371 quoniam
846 1288 889 1351 ita
904 1287 987 1363 vixi,
1011 1297 1120 1349 utnon
1136 1288 1252 1349 frustra

190 1392 236 1434 me
252 1382 354 1434 uatum
371 1372 559 1449 existimem,
582 1386 613 1436 et
634 1393 676 1436 ex
690 1374 750 1437 vita
766 1375 807 1435 itu
825 1371 962 1448 diseede,
986 1382 1124 1454 tanquam
1140 1392 1180 1433 ex
1197 1371 1251 1433 ho-

190 1456 296 1539 spitio,
321 1478 381 1519 uon
397 1467 537 1539 tanquam
555 1478 595 1520 ex
616 1459 712 1521 domo.
750 1456 958 1521 Commoreudi
981 1456 1061 1519 euim
1077 1466 1184 1519 nature
1199 1457 1251 1518 de·

138 1548 141 1555 '
189 1542 359 1605 versorium
376 1543 466 1618 dedit,
485 1565 545 1606 uon
561 1543 725 1607 habitandi.
758 1543 780 1605 0
797 1542 982 1626 praeclarum
999 1542 1094 1621 diem,
1113 1563 1202 1624 quum
1217 1541 1251 1603 in

189 1626 262 1690 illud
298 1627 430 1691 divinum
472 1629 639 1691 animorum
670 1628 829 1692 concilium
859 1639 1033 1708 coetumque
1062 1628 1247 1710 proficiscar,

189 1732 336 1794 quumque
357 1733 398 1774 ex
420 1713 475 1775 hee
498 1714 584 1776 turba
608 1725 638 1776 et
667 1714 836 1778 colluvione
867 1713 1031 1776 discedam!
1071 1712 1250 1775 Proficiseer

190 1797 270 1861 euim
292 1818 352 1860 uon
376 1799 488 1861 adeas
510 1798 608 1863 solum
630 1800 733 1877 viros,
766 1798 923 1881 dequibus
945 1809 1013 1860 ante
1036 1797 1119 1875 dixi,
1142 1817 1249 1860 verum

190 1882 280 1945 etiam
296 1882 333 1944 ad
348 1882 489 1946 Catonem
506 1905 621 1960 meum,
648 1903 706 1964 quo
722 1904 809 1951 nemo
825 1885 874 1946 vir
888 1883 995 1944 melior
1011 1893 1098 1946 uatus
1114 1893 1179 1960 est,
1197 1901 1251 1943 ue-

189 1988 238 2029 m0
263 1966 374 2112 pietate
404 1968 624 2051 praestantium
656 1968 741 2029 euius
768 1987 786 2028 a
808 1987 855 2029 me
884 1987 992 2050 eorpus
1016 1977 1177 2031 crematum
1203 1976 1252 2028 est

189 2055 261 2134 (quo
297 2063 403 2115 eontra
420 2051 528 2128 decuit,
546 2053 583 2115 ab
598 2053 650 2116 ille
662 2055 785 2134 meum),
804 2051 922 2115 animus
937 2072 1084 2115 veronen
1100 2070 1146 2114 me
1163 2051 1249 2114 dese-

188 2156 279 2212 rens,
304 2139 356 2201 sed
371 2148 563 2222 respectans,
585 2138 617 2200 iu
633 2159 668 2201 ea
684 2139 817 2223 proferto
840 2137 906 2200 lore
921 2138 1078 2215 discessit,
1103 2158 1161 2219 quo
1177 2134 1249 2197 mihi

188 2220 246 2304 ipsi
263 2222 405 2287 cernebat
420 2243 488 2287 esse
504 2224 693 2287 veniendum.
719 2222 812 2302 Quem
827 2243 884 2305 ego
899 2243 998 2285 meum
1014 2242 1115 2285 rasum
1132 2220 1250 2284 fortiter

190 2306 270 2367 serre
292 2307 375 2369 risus
397 2328 481 2383 sum,
508 2329 567 2369 non
590 2328 648 2389 quo
669 2327 765 2390 aequo
781 2308 880 2370 auimo
896 2308 1024 2382 ferrem,
1048 2308 1100 2368 sed
1116 2327 1162 2397 me
1185 2306 1249 2387 ipse

220 2509 587 2575 du⁰u²1idem,s.zu§.10.
778 2510 821 2559 st.
848 2526 881 2559 ex
900 2513 957 2559 uita
981 2514 1021 2559 ita
1039 2508 1159 2568 diseede,
1188 2509 1250 2554 tart-

221 2615 350 2675 tanquam
363 2611 469 2662 Peliam
480 2614 635 2672 recesserit,
649 2613 691 2661 ein
742 2592 824 2696 gizan
832 2594 918 2694 istd?
925 2573 1248 2693 gli‘gmz'ssffiissffhwffl

185 2675 297 2726 Irrthum
310 2677 432 2729 Cicero's.
446 2678 691 2730 NiehtPelieswur·
741 2712 856 2762 Heimath
872 2710 1006 2775 (domm),
1026 2710 1136 2760 ponder„
1148 2725 1197 2759 nur
1209 2711 1249 2760 als

184 2742 567 2877 destituturus,
581 2747 691 2866 meu
741 2776 1119 2911 pppppppptru„,
1149 2778 1250 2843 <m

182 2877 271 2929 Vater.
286 2878 370 2930 Pelias
382 2882 470 2932 wutde
479 2883 541 2932 nach
555 2882 691 2932 derfliiek-
1121 2930 1127 2941 ι

184 2947 249 2997 kehr
268 2946 313 2997 des
324 2947 402 2998 Jason
422 2965 470 3000 von
490 2950 578 3001 seiuen
598 2951 689 3013 eigueu
776 2933 971 2996 ⁶⁰mm⁰²⁸072d²3
987 2933 1043 2983 ⁸1⁰⁰
1056 2930 1168 2983 W0¹¹⁰
1182 2930 1250 2994 (Μ’

184 3012 312 3065 Tiiehtern
332 3017 379 3066 uui
387 3016 517 3068 Austiiien
530 3019 576 3069 der
588 3017 688 3082 Medea,
742 3000 990 3084 '‘siwldeiifflssiiffl
998 2999 1250 3065 G⁰8⁰¹¹⁸ffl⁰2¹¹d⁰·

185 3084 225 3134 m
251 3083 294 3135 im
314 3085 440 3137 ereneus
465 3087 544 3137 uuum
564 3087 691 3139 zauberei
744 3068 863 3150 issand,
877 3086 951 3121 emen
965 3069 1110 3120 usnemun
1123 3066 1250 3119 ΜΗ·

184 3152 326 3217 verjiingen
345 3170 377 3204 zu
391 3156 482 3206 wellen
499 3157 611 3220 vorgeb,
633 3171 690 3206 zer-
743 3146 792 3188 8112
805 3137 897 3189 haben·

185 3221 273 3272 stiiekt
292 3222 343 3272 und
362 3224 487 3289 gekoeht,
512 3226 577 3275 ohne
594 3225 691 3276 wieder
776 3224 814 3274 ad
832 3223 964 3275 Catonem
984 3238 1090 3287 mettin,
1116 3222 1162 3272 der
1180 3220 1249 3272 Sohu

185 3289 225 3339 ius
243 3289 329 3341 Lebeu
348 3293 551 3358 zuriickgeruieu
571 3310 604 3344 zu
623 3309 691 3344 wer·
741 3308 847 3343 unseres
867 3291 947 3354 Ceto,
966 3307 1015 3342 von
1034 3292 1156 3342 welehem
1176 3306 1200 3341 e.
1221 3291 1248 3355 6,

186 3357 243 3406 deu.
259 3357 334 3409 Ouid.
346 3358 513 3428 Metamorph.
527 3360 583 3426 Vll,
598 3362 647 3412 297
656 3390 690 3399 -
742 3361 766 3424 ξ.
775 3361 806 3411 15
820 3361 860 3409 die
873 3359 942 3410 Rede
953 3375 1081 3424 gewesen.

185 3423 246 3474 349.
776 3445 970 3510 qnedeentra,
993 3445 1159 3510 ‚,degegen‚“
1180 3444 1250 3496 Ana·

126 3568 130 3573 ,
218 3515 253 3560 ut
270 3526 304 3559 em
320 3512 370 3560 liae
382 3517 472 3563 aetate
489 3529 689 3580 repuerascam,
742 3514 844 3580 strophe
858 3515 905 3565 der
912 3512 1081 3582 Priiposition.

186 3577 244 3628 dass
258 3577 533 3647 ieh,jetzteiuG1·eis,
546 3583 690 3634 wiedereiu
776 3613 831 3648 ,um
844 3616 897 3664 qu,
910 3627 942 3638 ,.
948 3600 1067 3666 serrem,
1081 3598 1128 3648 ,ed
1137 3625 1173 3635 ..
1185 3612 1251 3648 eon-

183 3644 357 3698 Riflde‘·
742 3666 864 3718 solabar.
879 3668 934 3720 Sed
945 3669 1009 3718 ohne
1022 3666 1101 3732 quod,
1116 3667 1165 3717 wie
1178 3666 1251 3717 nieht
1306 3662 1310 3667 ’

220 3732 352 3784 decurret
373 3737 607 3785 atie-revereri.
621 3733 691 3799 Spa·
742 3734 839 3800 seiten,
854 3734 1005 3801 Uebergang
1018 3750 1065 3786 aus
1078 3736 1160 3785 einem
1171 3734 1250 3786 Rela-

186 3804 273 3866 tium,
290 3802 335 3853 der
347 3748 427 3853 deum
444 3801 470 3852 in
484 3802 528 3854 der
540 3801 688 3854 Rennbehn.
744 3803 838 3855 tivsutz
851 3806 876 3854 iu
890 3805 963 3856 einen
976 3805 1126 3871 Hauptsetz.
1154 3804 1249 3868 Aequo

187 3869 328 3935 Carceres,
356 3871 397 3922 die
416 3869 580 3937 Srhreukeu,
606 3872 691 3923 hister
742 3876 834 3924 animo
848 3875 940 3925 endere
961 3874 999 3924 els
1017 3873 1040 3939 ἕ.
1063 3873 1096 3922 83
1114 3876 1250 3938 aequissi-

184 3937 298 3988 welchen
311 3940 351 3990 die
364 3939 444 3992 Resse
457 3942 508 3991 und
519 3940 620 4007 Wegeu
633 3954 690 3993 zum
741 3956 785 3992 mo
807 3945 907 3993 animo.
939 3943 1002 3994 Hier
1027 3940 1248 4006 „gleiehgiiltig,“

186 4002 289 4057 Rennen
306 4008 489 4061 hereiteteben.
744 4009 806 4079 dert·
821 4013 889 4076 „mit
905 4009 1075 4077 Gleiehmuth,
1096 4009 1248 4073 Fussung.“
