2656 4672
139 360 179 426 16
492 329 710 428 clrounrou.
730 375 756 442 ς.
771 375 883 427 18-20.
978 329 981 339 ¹

157 529 205 594 sul
226 540 364 595 versatus
386 550 452 592 snm
474 528 507 590 in
529 527 615 591 vario
630 547 741 612 genere
757 527 915 604 bellorum,
941 546 1062 592 cessere
1077 549 1159 592 nune
1174 529 1222 593 vi-

158 615 248 692 deor,
274 635 363 696 quum
385 613 463 677 bella
479 634 540 676 non
554 632 639 695 gero.
678 612 869 688 Assensit,
895 633 970 694 quae
991 612 1053 676 sint
1073 614 1219 696 gerenda,

157 699 349 783 praescribo,
373 710 404 761 et
419 699 584 781 quomod03
609 698 804 783 Karthagini,
828 698 981 761 melciano
996 698 1046 761 diu
1061 699 1219 782 cogitanti,

156 784 267 848 bellum
282 785 376 847 multo
391 795 462 846 ante
474 783 637 861 denunti03
661 784 697 847 de
712 806 770 866 qua
786 784 887 847 vereri
909 805 970 846 non
985 793 1055 847 ante
1071 785 1221 863 desinam,

113 883 144 934 19
160 892 247 953 quern
262 870 344 932 illam
360 869 494 932 excisam
511 889 577 932 esse
594 888 777 953 cognovero.
802 868 897 948 Quam
908 869 1034 952 palmam
1050 870 1164 933 utinam
1179 871 1224 934 dii

158 956 355 1032 immortales,
374 953 484 1038 Scipio,
502 953 732 1030 tibirescrvent,
751 965 784 1017 nt
798 955 849 1019 avi
863 953 1007 1036 reliquias
1015 958 1218 1038 persequare!

158 1038 244 1106 euius
260 1062 277 1104 e
293 1051 390 1104 morte
406 1041 525 1123 quintus
548 1038 597 1102 hic
612 1048 643 1102 et
656 1040 827 1103 tricesimus
843 1059 940 1103 annus
956 1049 1021 1117 est,
1040 1041 1092 1102 sed
1107 1060 1222 1105 menso·

156 1127 232 1190 riam
247 1125 328 1191 illius
343 1126 402 1190 viri
417 1146 520 1189 omnes
535 1125 688 1208 excipient
702 1124 771 1188 anni
787 1135 1015 1206 consequentes
1045 1123 1134 1188 Auno
1149 1137 1221 1190 ente

158 1231 210 1274 me
221 1231 379 1274 censorem
398 1221 533 1274 mortuus
555 1221 617 1288 est,
643 1211 746 1273 decem
768 1209 854 1274 aunis
871 1220 938 1293 post
960 1229 1057 1273 meum
1080 1211 1221 1277 consula·

159 1307 233 1373 tum,
252 1317 342 1377 quum
357 1295 461 1359 consul
474 1295 583 1357 iterum
598 1315 647 1357 me
663 1294 786 1359 consule
802 1305 920 1360 creatus
937 1290 1029 1359 essct.
1067 1295 1148 1359 Num
1162 1286 1221 1379 igi·

158 1390 225 1457 ter,
247 1380 276 1442 si
298 1381 335 1442 ad
356 1379 551 1443 centesimum
574 1400 684 1444 annum
698 1380 848 1458 vixisset,
875 1381 1039 1444 senectutis
1063 1402 1131 1444 eum
1147 1401 1221 1445 suae

158 1464 347 1549 poeniteret?
373 1465 439 1530 Nec
461 1465 540 1527 enim
556 1466 736 1529 excursione
751 1486 808 1528 nec
823 1465 900 1530 saltu
916 1486 971 1528 nec
986 1465 1103 1528 eminus
1125 1465 1221 1532 hastis

157 1561 209 1613 ant
223 1551 387 1615 comminus
395 1551 502 1634 gladiis
511 1560 658 1630 uteretur,
676 1552 730 1614 sed
743 1551 882 1627 consilio,
900 1551 1034 1627 ratione,
1053 1551 1218 1616 sententia.

158 1634 239 1713 Quae
254 1636 313 1699 nisi
329 1646 432 1700 essent
451 1637 483 1699 in
498 1635 639 1712 senibus,
663 1657 724 1699 non
745 1658 892 1701 summum
915 1634 1073 1699 consilium
1088 1636 1220 1703 maiorue

106 1731 140 1781 20
155 1716 252 1783 nostri
267 1720 468 1804 appellassent
487 1731 636 1800 senatum,
674 1720 759 1805 Apud
774 1722 1027 1785 Lacedaemonios
1049 1721 1165 1803 quidem
1181 1720 1216 1799 ii,

156 1805 208 1889 qui
221 1805 435 1888 amplissimum
452 1807 655 1888 magistratum
667 1818 794 1889 gerunt,
811 1817 845 1869 ut
859 1818 940 1883 sunt,
958 1806 1002 1868 sie
1018 1808 1106 1870 etiam
1122 1807 1219 1869 nomi-

157 1899 268 1952 nantur
282 1910 381 1953 senes.
413 1889 496 1967 Quod
512 1891 538 1953 si
553 1891 654 1975 legere
669 1902 719 1953 aut
734 1892 837 1955 audire
852 1891 961 1955 voletis
979 1903 1125 1967 externa,
1155 1913 1219 1957 ma·

155 1975 256 2037 xlmas
279 1995 330 2037 res
352 1975 482 2059 publicas
506 1974 542 2037 al)
565 1975 804 2040 adolescentibus
820 1976 1031 2053 labefactatus,
1061 1976 1218 2042 asenibus

161 2070 345 2123 sustentatas
369 2072 399 2125 et
412 2060 568 2124 restitutas
582 2061 753 2143 reperietis.

159 2144 262 2224 Cedo,
280 2148 485 2231 quieestram
499 2145 735 2233 rempublicam
753 2159 873 2213 tentem
889 2149 1037 2212 enuntietis
1054 2162 1114 2211 tom
1131 2151 1218 2212 cite?

152 2350 322 2400 seleinlielrer
339 2351 373 2400 ist
385 2366 431 2414 es,
451 2350 512 2401 dass
525 2366 555 2401 cr
566 2351 592 2399 in
605 2351 659 2400 die·
709 2350 738 2402 P.
754 2351 887 2403 Cornelius
901 2351 1001 2416 Scipio,
1015 2352 1150 2403 Africanus
1163 2370 1220 2404 ma-

114 2460 116 2464 .
151 2434 203 2469 sem
215 2418 304 2483 lehre,
317 2419 367 2487 wie
380 2418 438 2469 Liv.
453 2418 657 2485 ec,17aogiott,
710 2419 758 2483 ior,
773 2421 844 2469 hatte
856 2426 945 2469 zuerst
956 2419 997 2468 die
1011 2419 1086 2469 lirett
1098 2419 1144 2466 der
1150 2417 1218 2468 liur-

149 2487 232 2551 Legat
251 2503 314 2537 war.
346 2485 402 2538 Von
426 2485 509 2538 eidem
527 2486 657 2553 Feldzuge
708 2486 1239 2552 theginiensergebroehen,indemersie·

151 2554 327 2607 desTilterins
346 2554 509 2624 Sempronius
530 2557 555 2605 in
575 2554 657 2607 Thre-
707 2557 734 2606 in
757 2557 838 2607 ihrem
863 2556 954 2618 eignen
973 2552 1059 2603 Laude
1083 2553 1216 2618 bekriegte
1269 2564 1272 2569 '

149 2625 206 2675 olen
218 2626 322 2677 nudam
336 2625 657 2689 Istros194,inwelclien
708 2625 760 2674 end
784 2625 832 2674 den
857 2621 1071 2672 entscheidenden
1089 2621 1149 2685 Sieg
1172 2623 1216 2674 bei

151 2691 215 2742 Ceto
234 2695 298 2743 nach
311 2693 380 2744 Plut.
395 2693 459 2744 Ceto
474 2693 504 2741 tt
518 2691 601 2756 Legat
613 2707 657 2755 ge-
706 2690 787 2741 Zerna
803 2689 911 2749 erleeht.
938 2688 1022 2754 Scipio
1041 2689 1088 2740 der
1103 2689 1217 2754 Jiiugere

148 2775 234 2810 wesen
254 2761 309 2810 sein
333 2760 397 2824 soll,
424 2759 550 2810 beriehtet
567 2758 657 2810 Livius
708 2759 784 2809 sollte
796 2757 834 2808 eie
848 2772 913 2820 ganz
925 2758 1083 2808 verniclrten.
1100 2758 1155 2809 Und
1169 2760 1216 2810 das

150 2829 243 2879 nichts.
707 2826 829 2890 goselini.
849 2827 923 2876 Aeaee
935 2826 970 2876 ist
982 2843 1019 2890 er,
1034 2826 1147 2877 insolern
1157 2829 1216 2880 sein

183 2896 369 2960 eomul,195.
387 2886 447 2958 vsi.
463 2894 504 2945 10.
520 2894 544 2960 fi.
560 2895 603 2944 32.
707 2893 774 2945 Solen
792 2895 841 2945 den
861 2909 902 2945 ane
915 2892 1061 2962 Gespr‘dehe
1080 2895 1216 2962 betlcilig-
1235 2922 1240 2932 ·

182 2978 391 3028 nune—quum,
403 2963 502 3027 „jetzt,
511 2964 583 3013 wo.“
595 2960 654 3027 Vgl.
706 2971 749 3014 ten
763 2963 849 3030 Scipio
862 2964 974 3031 adoptirt
985 2966 1069 3017 hatte.

148 3049 171 3082 θ·
186 3033 211 3082 6·
226 3030 252 3096 S·
268 3033 309 3081 ¹5·
741 3052 871 3113 quintus,
892 3065 921 3100 so
934 3052 970 3100 ist
988 3054 1054 3101 stett
1067 3053 1167 3100 toruus
1180 3067 1215 3101 nn

181 3116 299 3167 mule-
312 3120 461 3182 cogitanti,
487 3116 602 3182 „Uelles
621 3119 655 3168 inu
706 3117 791 3178 lesen,
809 3134 884 3168 weun
899 3117 1071 3168 wirniehtC.
1086 3118 1160 3168 einen
1173 3134 1216 3170 er-

148 3184 226 3236 Sinne
240 3185 353 3236 filtren“
375 3185 424 3236 wie
436 3187 618 3253 malefacere.
706 3202 754 3251 gen
771 3185 958 3236 liechenlehler
981 3186 1131 3253 unterlegee
1149 3188 1215 3239 wol-

180 3254 266 3307 multc
286 3260 364 3318 ente,
391 3255 439 3306 elue
464 3271 493 3306 es
512 3257 653 3322 geschicht.
705 3255 757 3307 len.
776 3253 825 3305 liic
837 3254 941 3320 Angnlre
956 3258 1054 3307 tectim
1066 3257 1157 3307 stlinde
1165 3257 1215 3309 nit

146 3321 317 3388 Vgt.14,49.
705 3323 774 3377 elle·
790 3323 897 3389 dirigen
917 3325 961 3374 des
980 3322 1086 3390 Dieloge
1105 3325 1139 3375 int
1155 3321 1214 3378 Wi-

181 3391 325 3456 denuntio,
346 3408 368 3444 s.
388 3391 459 3444 Plut.
479 3392 543 3445 Cato
563 3410 585 3444 c.
601 3395 651 3444 27:
704 3391 853 3458 derspruelt.
885 3391 1035 3445 Ebensoiet
1052 3395 1086 3445 im
1104 3392 1214 3459 Fulgen-

146 3457 224 3509 δοκεῖ
240 3458 274 3510 δέ
287 3477 337 3527 μοι
349 3460 402 3513 eol
418 3455 589 3531 Καρχηδόνα
611 3457 652 3532 μὴ
704 3459 753 3510 den
765 3474 858 3511 eoum
871 3461 896 3531 in
911 3462 1000 3514 decem
1011 3463 1176 3519 verbesscrt.

145 3524 226 3579 εἶναι.
254 3529 312 3593 Ego
325 3545 507 3592 verecenseo,
533 3532 651 3583 Cartha·
736 3534 1011 3595 nutemeeenecrem,
1031 3531 1090 3580 184.

143 3596 457 3661 ginemeeeedeleredam,
474 3597 579 3662 l'u'gteer
586 3607 651 3651 stete
737 3597 780 3648 20.
794 3600 833 3657 sie
843 3601 927 3649 etiem
939 3602 1212 3664 nominentureenes,

144 3664 238 3730 lriuzn,
252 3680 325 3715 wenu
338 3680 367 3715 er
378 3665 443 3716 iiber
454 3666 545 3729 irgeud
556 3667 651 3718 welche
702 3665 838 3735 γέροντες.
870 3667 917 3717 Die
931 3667 1055 3731 Gerusin,
1081 3669 1127 3718 der
1140 3661 1211 3718 Rati

142 3733 345 3798 Augelegenlteit
363 3733 397 3791 inu
409 3732 488 3785 Senet
505 3734 576 3785 selue
589 3735 653 3788 llei-
703 3734 750 3784 der
760 3735 848 3816 Alten,
862 3735 971 3816 bestand
988 3750 1034 3786 aus
1048 3736 1080 3786 28
1101 3734 1150 3786 aul
1163 3736 1214 3788 Le-

143 3802 649 3941 mii.⁸iil1l›lr0teqoeaspersequare,
702 3802 1215 3938 iinmszlliisiizwedclleiilililinlieliiigeim

144 3939 417 4005 „deomneeudtgse
431 3940 551 3992 weedein
560 3942 651 3993 Gross·
738 3945 854 3999 entem
874 3947 880 3952 '
899 3942 1124 4006 „niclitrdnisehe
1155 3940 1213 3994 Zu-

141 4015 218 4058 vnter
230 4024 264 4059 nn
276 4010 338 4061 tion
351 4008 558 4075 iibrimlnesen
569 4011 648 4062 iat.“
701 4007 792 4060 st'e'nde
800 4008 832 4073 ,“
844 3976 990 4081 dispenset
1003 4027 1036 4060 nn
1048 4009 1211 4067 demulce
