2656 4672
438 363 525 415 curo
545 364 831 431 uuonan-ar.
912 346 913 349 '
1068 364 1070 368 ·
1122 353 1162 414 27

104 519 163 582 ficii
178 530 230 582 aut
246 519 364 581 omniuo
381 518 461 581 vitae
477 538 584 581 munus
600 519 709 600 exequi
724 519 908 603 possintdt
922 518 952 580 id
967 520 1084 600 quidem
1100 543 1161 585 non

104 604 253 686 proprium
268 603 431 667 senectutis
442 603 615 678 vitium‘est
633 604 1049 678 sedcommuuevaletudinis.
1068 607 1161 685 Quam

106 691 163 751 fuit
176 689 341 753 imbecillus
357 689 391 750 P.
409 688 542 752 Alricani
556 689 634 752 filius
649 690 688 766 is,
706 689 755 771 qui
770 699 799 753 te
816 689 987 773 adoptavit!
1012 712 1100 772 quam
1115 704 1159 756 te·

105 773 156 835 nni
171 785 221 836 aut
237 775 319 837 nulla
341 775 439 857 potins
456 773 645 839 valetudine!
678 774 762 853 Quod
782 775 813 836 ni
828 774 870 838 ita
885 776 1009 854 fuisset,
1035 777 1162 841 alterum

103 859 176 920 illud
198 860 354 922 extitisset
369 861 468 922 lumen
485 859 638 946 civitatis,
662 861 699 922 ad
714 872 868 942 paternam
880 908 883 913 -
893 860 971 924 enim
987 862 1165 944 magnitudi-

99 951 170 1006 irem
188 944 279 1007 animi
304 945 440 1007 doctrina
456 944 577 1007 uberior
592 957 772 1008 accesserat.
802 945 877 1024 Quid
895 946 1001 1008 mirum
1023 946 1116 1031 igitur
1129 948 1161 1010 in

103 1028 245 1107 senibus,
271 1031 296 1091 si
311 1029 423 1093 infirmi
446 1040 516 1092 sunt
538 1030 715 1111 aliqnando,
738 1052 829 1112 quum
852 1031 882 1092 id
898 1052 936 1094 ue
953 1031 1161 1097 adolescentes

103 1113 221 1195 quidem
244 1115 375 1197 effugere
397 1115 535 1198 possint?
564 1115 789 1191 Resistendum,
812 1116 894 1178 Laeli
917 1125 947 1179 et
968 1116 1088 1199 Scipio,
1113 1124 1161 1180 sle·

102 1200 217 1262 nectuti
244 1211 308 1277 est,
337 1201 462 1283 eiusque
484 1201 558 1264 vitia
573 1200 725 1286 diligentia
747 1201 966 1285 compensanda
988 1213 1075 1279 sunt,
1108 1224 1160 1285 pu·

101 1286 272 1366 gnandum,
297 1296 435 1367 tauquam
458 1296 563 1348 contra
577 1287 733 1364 morbum,
757 1286 802 1348 sic
824 1297 931 1350 contra
954 1297 1160 1364 senectutem,

103 1368 237 1433 habenda
252 1369 331 1433 ratio
346 1371 547 1450 valetudinis,
573 1373 714 1435 utendum
730 1370 1000 1434 exercitationibus
1017 1372 1160 1450 modicis,
1179 1384 1211 1434 36

101 1464 220 1517 tautum
233 1455 293 1518 cibi
309 1466 340 1519 ct
354 1456 484 1538 potionis
500 1456 716 1534 adhibendum,
744 1466 778 1519 ut
792 1456 963 1519 reficiantur
976 1457 1076 1534 vires,
1102 1478 1163 1520 non

102 1539 319 1622 opprimantur.
358 1539 422 1603 Nec
441 1562 515 1604 vero
537 1543 656 1626 corpori
679 1542 737 1604 soli
752 1541 989 1604 subveniendum
1012 1551 1081 1617 est,
1109 1543 1163 1605 sed

102 1624 197 1687 menti
212 1637 300 1707 atque
317 1626 415 1689 auimo
432 1627 521 1690 multo
538 1629 643 1712 magis.
682 1626 760 1689 Nam
776 1625 848 1688 baec
864 1646 998 1707 quoque,
1022 1625 1081 1689 nisi
1096 1637 1163 1688 tan·

98 1730 190 1791 quam
205 1709 309 1773 lumini
325 1711 424 1774 oleum
439 1711 585 1788 instilles,
604 1712 824 1794 extinguuntur
839 1721 1021 1792 senectute·
1042 1711 1081 1772 Et
1097 1732 1163 1774 oor-
1202 1783 1204 1789 s

101 1816 175 1878 pora
190 1795 306 1877 quidem
323 1797 572 1860 exercitationum
589 1796 800 1880 defatigatione
816 1797 1044 1878 ingravescunt,
1073 1797 1162 1859 animi

36 1957 46 1970 ·
102 1889 202 1943 autem
218 1881 388 1954 exercendo
411 1882 562 1946 levantur.
595 1882 677 1967 (Nam
700 1903 773 1963 quos
795 1880 837 1944 ait
860 1879 1008 1943 Caecilius
1029 1884 1163 1945 comicos

101 1966 215 2028 sncltos
229 1989 336 2043 senes,
361 1966 416 2030 hos
432 1962 582 2050 significat
597 1967 754 2044 credulos,
778 1966 960 2041 obliviosos,
978 1966 1160 2044 dissolutos3
1256 1979 1258 1983 '

46 2083 50 2090 =
102 2072 177 2132 quae
192 2051 265 2113 vitia
280 2061 350 2114 suut
360 2072 420 2112 uon
429 2052 605 2127 senectutis,
622 2052 676 2115 sed
690 2053 809 2128 inertis,
826 2053 965 2134 ignavae,
983 2051 1163 2114 somniculo-

102 2155 154 2197 sae
171 2136 345 2197 senectutis.
384 2135 422 2197 Ut
438 2135 618 2216 petulantia,
641 2147 674 2198 ut
689 2136 778 2197 libido
794 2137 889 2217 magis
905 2145 952 2199 est
967 2135 1164 2199 adolescenti-

102 2241 174 2294 um,
192 2239 280 2300 quam
296 2239 413 2295 senum,
431 2240 486 2282 uec
501 2230 601 2282 tamen
617 2220 748 2282 omnium
764 2219 1016 2296 adolescentium,
1035 2221 1163 2283 sednon

103 2302 275 2386 proborum,
294 2304 336 2366 sic
352 2302 409 2366 ista
426 2305 531 2368 senilis
548 2305 690 2383 stultitia,
707 2325 782 2387 quae
806 2305 940 2368 deliratio
956 2305 1098 2388 appellari
1113 2327 1163 2369 so-

102 2390 155 2464 let,
175 2408 280 2452 senum
297 2389 406 2452 levium
423 2401 480 2467 est,
499 2412 559 2453 uon
575 2391 717 2454 o'muinm.
751 2390 900 2469 Quattuor
914 2390 1053 2454 robustos
1070 2390 1160 2467 lilios,
1179 2401 1210 2451 37

102 2474 232 2556 quinque
248 2466 336 2553 filias,
355 2486 467 2539 tautam
483 2479 613 2554 domum,
632 2486 730 2539 tantas
744 2475 897 2538 clientelas
912 2474 1024 2558 Appius
1040 2476 1164 2558 regebat

102 2570 133 2622 et
148 2579 255 2624 caecus
272 2571 301 2623 ct
317 2582 432 2640 seuex3
456 2561 604 2625 intentum
628 2561 707 2624 enim
723 2560 866 2635 animum,
891 2570 1030 2641 tanquam
1047 2577 1160 2637 arcum,

103 2766 171 2816 dem.
187 2765 235 2816 Dic
249 2767 274 2816 iu
283 2773 453 2833 acquantum
462 2782 609 2832 possamus
661 2766 752 2816 zweitc
764 2765 857 2816 Zierdc
877 2766 922 2815 des
935 2764 1037 2815 stantes
1057 2763 1175 2825 eusebio,

103 2834 212 2900 quidem
220 2836 366 2885 autbalteue
374 2834 498 2900 Negation
506 2835 609 2886 bazicbt
662 2835 743 2885 nen.“
775 2835 902 2886 Alterum
920 2835 945 2883 in
959 2833 1104 2896 Beziebung
1122 2830 1170 2882 aul

103 2902 158 2950 siob
181 2902 244 2950 auch
264 2902 367 2951 auidas
380 2911 448 2954 erstc
469 2903 543 2954 Glied
556 2919 609 2955 nou
662 2904 750 2954 seinen
763 2902 843 2954 Vater
855 2902 884 2952 P.
898 2902 1045 2953 Africanus.

102 2969 193 3028 modo,
215 3005 233 3032 „
243 2969 311 3020 nicht
325 2986 373 3019 nur
386 2971 473 3035 nicht,
499 2972 608 3022 sondern
695 2972 738 3023 36.
756 2973 897 3034 Caecilius,
911 2972 958 3021 der
972 2968 1167 3020 obeuerwiibnte

99 3037 168 3087 'auch
186 3037 289 3089 uicbt.“
662 3040 770 3090 Statius.
799 3040 847 3090 Die
861 3039 941 3089 Stelle
954 3039 989 3088 ist
1001 3054 1047 3089 aus
1060 3038 1105 3086 der
1117 3034 1168 3086 lio-

137 3109 270 3171 cogimur,
285 3107 332 3158 mit
343 3106 511 3171 Nacbdruok,
525 3124 558 3158 zu
570 3125 610 3160 er·
661 3108 744 3158 mddie
761 3108 896 3173 llpikleros
913 3101 1106 3175 (Ἐπίκληρος,
1127 3105 1167 3154 die

102 3173 313 3241 giinzensucero.
659 3175 834 3240 Erbtocbter).
850 3174 905 3225 Cio.
920 3176 950 3225 de
963 3175 1037 3225 amic.
1051 3190 1074 3225 c.
1084 3173 1126 3237 26,
1135 3173 1168 3223 99

61 3294 64 3300 ,
139 3244 181 3294 35.
200 3251 233 3294 ut
252 3246 353 3296 multi.
370 3283 377 3295 .
394 3282 399 3294 .
415 3261 478 3296 neue
492 3244 610 3296 llinwen-
661 3245 694 3295 ist
707 3245 744 3294 sie
755 3245 888 3294 erbalten:
911 3298 912 3305 p

102 3313 171 3376 dung
183 3313 229 3362 der
241 3311 351 3378 Gegner.
366 3313 413 3364 Dic
426 3314 610 3365 Antwortdar-
695 3312 781 3364 Hodie
798 3328 840 3362 ma
858 3318 922 3363 anto
949 3315 1034 3363 omnia
1053 3314 1167 3362 comicos

102 3381 150 3431 aul
159 3381 229 3444 gicbt
241 3382 287 3431 das
298 3380 440 3447 Fulgende:
455 3385 496 3435 At
507 3385 537 3435 id
543 3387 611 3450 'pui-
825 3382 926 3432 stultos
938 3396 1013 3431 senec

103 3449 163 3500 dem
176 3465 229 3501 non
238 3464 335 3516 propr.
350 3467 405 3500 seo.
420 3456 516 3503 vitium
530 3459 578 3504 eet.
697 3451 827 3502 Vorsurc‘e
845 3456 928 3517 atque
942 3452 1097 3500 macroris
1110 3450 1168 3500 lau·

136 3519 167 3568 P.
181 3520 312 3585 Africam·
321 3519 370 3582 fil.
397 3523 434 3583 is,
454 3524 502 3585 qui
520 3527 545 3571 te
562 3522 608 3573 ad.
827 3522 948 3570 diacoma.
1015 3555 1016 3558 ,

102 3585 140 3636 Er
160 3587 230 3638 biess
248 3589 313 3640 aucb
327 3586 356 3637 P.
376 3586 510 3638 Cornelius
524 3588 609 3656 Scipio
695 3591 742 3639 boa
754 3589 897 3655 significat
909 3587 1042 3650 credulos,
1056 3587 1103 3636 mit
1115 3586 1168 3635 die-

102 3655 251 3707 Alricenus.
264 3655 324 3720 Vgl.
336 3673 359 3706 c.
371 3656 397 3721 6,
410 3655 434 3721 ξ.
446 3657 486 3706 19.
662 3674 707 3708 scu
725 3658 890 3722 bezeichnet,
915 3664 991 3707 unter
1009 3657 1084 3705 ibnen
1105 3669 1167 3703 ver-

137 3723 213 3774 onlla
222 3729 317 3790 potius
330 3725 493 3788 valetudine,
508 3741 529 3776 s.
544 3741 566 3776 c.
582 3727 608 3778 3.
661 3728 731 3778 steht
743 3743 772 3777 er
783 3727 824 3776 die
837 3742 912 3776 saner
925 3743 981 3787 οη,
996 3724 1048 3774 obl.
1067 3757 1073 3772 .
1092 3758 1098 3770 .
1126 3721 1168 3772 Si·

101 3792 127 3858 ξ.
149 3793 179 3841 7:
199 3795 256 3842 sine
274 3796 369 3860 quibua
388 3795 609 3861 (voluptatibus)
659 3798 801 3860 gnpflcarc,
815 3795 865 3845 wie
879 3795 919 3845 dic
933 3792 1020 3844 Verba
1033 3790 1076 3839 liir
1087 3796 1168 3840 etwas

101 3865 187 3912 citam
200 3862 303 3912 nullam
320 3868 461 3928 putarant.
662 3864 764 3926 hulten,
779 3878 812 3911 zu
824 3869 905 3913 etwas
918 3874 1045 3912 erncuuen
1058 3875 1085 3929 u,
1100 3859 1166 3930 drgl.

137 3930 256 3981 alterum
273 3930 345 3980 illud
356 3935 496 3982 eutitisset
519 3932 608 3982 lumen
661 3931 707 3980 mit
719 3931 775 3980 dem
793 3930 927 3996 doppeltcu
938 3926 1085 3979 Accusativ.

100 4003 238 4064 co'vz'latdo,
265 4015 315 4065 „es
340 3999 408 4048 wire
433 4000 458 4049 in
483 4000 534 4051 ihm
552 4001 608 4051 aine
696 3999 737 4049 37.
758 3999 871 4065 Appius,
887 4014 908 4048 s.
924 3999 989 4063 c.6,
1005 3996 1047 4047 16.
