2656 4672
424 367 512 419 curo
531 365 646 419 usion.
666 368 691 433 ς.
707 369 817 418 so-co.
1109 354 1150 455 43

92 523 315 610 oedaemonius,
332 519 382 581 vir
396 539 527 581 summae
544 520 682 596 virtutis,
700 520 835 583 venisset
850 520 887 581 ad
903 540 969 583 eum
986 519 1087 585 Sardis
1104 522 1147 585 ei-

93 628 151 689 que
167 608 243 690 dona
259 627 276 668 a
291 605 381 667 sociis
397 604 564 691 attulisset,
583 615 613 668 et
628 605 738 668 ceteris
753 606 784 668 iu
797 605 886 667 rebus
902 626 1087 670 communem
1104 627 1151 669 er-

93 713 131 775 ga
145 692 332 774 Lysandrum
355 699 456 770 atque*
468 689 626 752 humanum
649 689 744 754 luisse
766 700 796 753 et
819 689 847 751 ei
863 691 1009 772 quendam
1026 711 1151 754 consae-

94 787 175 859 ptum
191 796 296 858 agrum
312 775 470 857 diligenter
485 775 631 837 consitum
654 776 835 838 ostendisse.
875 774 970 852 Quum
986 785 1084 840 autem
1100 776 1151 840 ad·

93 861 255 924 miraretur
277 859 434 942 Lysander
460 869 490 921 et
519 859 714 942 proceritates
737 860 883 922 arborum
910 872 939 922 et
962 861 1091 926 directos
1121 862 1152 924 in

92 946 288 1027 quincuncem
304 944 425 1006 ordines
442 954 472 1006 et
486 944 605 1007 humum
621 945 771 1012 subactam
787 956 875 1026 atque
890 966 992 1028 puram
1008 957 1038 1007 et
1053 947 1153 1009 suavi-

92 1040 185 1111 tatem
202 1030 338 1106 odorum,
357 1029 405 1110 qui
417 1027 589 1092 afflarentur
605 1050 621 1091 e
636 1029 771 1107 floribus,
788 1040 850 1094 tum
867 1051 933 1092 eum
950 1031 1079 1108 dixisse,
1097 1032 1151 1093 mi-

91 1114 155 1177 rari
172 1134 205 1178 se
220 1135 280 1176 non
295 1113 382 1176 modo
398 1113 593 1197 diligentiam,
612 1115 664 1178 sed
680 1115 769 1178 etiam
784 1114 949 1179 sollertiam
966 1118 1041 1192 eius,
1060 1136 1077 1177 a
1093 1137 1151 1198 quo

93 1209 198 1262 essent
220 1199 272 1260 illa
296 1199 428 1261 dimensa
448 1210 537 1281 atque
560 1201 727 1283 descripta,
751 1211 781 1262 et
803 1199 913 1283 Cyrum
938 1199 1149 1284 respondisse:

92 1283 184 1365 Atqui
207 1303 262 1365 ego
284 1283 343 1346 ista
365 1305 429 1346 sum
446 1286 545 1347 omnia
560 1285 731 1373 dimensum
755 1285 813 1348 mei
829 1296 901 1347 suut
921 1286 1059 1361 ordines,
1085 1304 1152 1346 mea

95 1368 271 1451 descriptio;
300 1369 410 1430 multae
426 1369 517 1431 etiam
531 1369 655 1432 istarum
677 1370 817 1436 arborum
833 1389 899 1431 mea
914 1391 1004 1432 manu
1020 1381 1090 1432 suut
1104 1391 1153 1449 sa-

94 1465 153 1516 tae.
193 1452 271 1515 Tum
285 1452 491 1535 Lysandrum,
515 1453 681 1518 intuentem
704 1475 862 1538 purpuram
886 1455 951 1516 eius
978 1464 1008 1515 et
1023 1456 1151 1516 nitorem
1178 1488 1180 1492 v

94 1541 228 1621 corporis
250 1547 447 1619 ornatumque
467 1539 617 1601 Persicum
640 1539 733 1601 multo
748 1557 821 1601 auro
837 1538 996 1620 multisque
1012 1540 1149 1620 gemmis,

94 1623 228 1687 dixisse:
261 1621 328 1684 Rite
343 1641 417 1686 vero
434 1632 482 1700 te,
508 1622 602 1708 Cyre,
618 1623 737 1686 beatum
754 1625 873 1698 ferunt,
892 1623 1031 1704 quoniam
1046 1622 1152 1684 virtuti

95 1720 144 1770 tua
168 1710 288 1788 lortuna
313 1707 471 1776 coniuncta
487 1719 544 1770 est.
584 1708 646 1770 Hac
669 1709 760 1790 igitur
775 1709 892 1770 fortuna
909 1707 969 1769 frui
991 1707 1059 1769 licet
1074 1706 1154 1769 smi-
1170 1716 1203 1766 60

93 1793 168 1867 bus,
195 1813 250 1856 nec
271 1801 354 1856 aetas
377 1792 515 1875 impedit,
541 1814 598 1874 quo
614 1793 711 1856 minus
734 1804 764 1856 et
778 1804 945 1855 ceterarum
961 1813 1062 1855 rerum
1078 1801 1108 1852 et
1122 1792 1154 1853 in

95 1878 198 1961 primis
215 1879 280 1960 agri
295 1877 411 1941 colendi
434 1878 530 1941 studia
545 1887 699 1940 teneamus
714 1899 811 1961 nsque
832 1877 869 1939 ad
885 1876 1020 1940 ultimum
1037 1887 1152 1958 tempus

94 1963 268 2026 senectutis.
301 1963 343 2024 M.
371 1963 487 2045 quidem
502 1962 655 2025 Valerium
671 1963 801 2026 Corvum
817 1962 984 2046 accepimus
1000 1962 1037 2024 ad
1053 1972 1153 2024 cente·

93 2150 158 2199 elren
172 2148 259 2197 suchte
272 2184 279 2210 ,
293 2148 356 2197 aher
368 2147 392 2196 in
407 2149 463 2196 dem
475 2147 601 2209 ungliick-
686 2153 715 2197 et
725 2149 922 2211 succinctior„
937 2147 1045 2213 quiuffl.
1057 2150 1155 2214 estur„

95 2218 178 2267 lichen
192 2214 292 2265 Trelfen
311 2215 353 2264 bei
365 2213 474 2265 llunaxu
484 2216 534 2264 ’401
550 2215 601 2264 sei·
652 2214 687 2265 lm
706 2214 822 2278 Origiual
842 2212 930 2272 ὡς-
952 2245 987 2253 -
1015 2212 1101 2284 ὀσμαὶ
1128 2214 1158 2267 dt
1213 2247 1218 2260 ·

97 2282 294 2333 uenTodland.
653 2284 753 2333 πολλαὶ
771 2283 819 2333 καὶ
835 2279 927 2348 ἡδεῖαι
952 2297 1158 2354 συμπαρομαρ-

129 2353 273 2401 Persarum
288 2366 386 2416 regern,
402 2351 471 2401 nicht
483 2349 600 2415 llo'nig,
653 2355 726 2402 τοῖεν
739 2346 832 2409 αὐτοῖς
845 2354 1042 2423 περιπατοῦσι.

48 2488 51 2494 ·
95 2421 205 2470 sonderu
226 2418 345 2482 Fiirst,
372 2433 418 2469 aus
442 2419 603 2483 kdniglicher
687 2430 1158 2516 myrarpsesqspxpnopho,,ppp‘gw'

383 2480 390 2499 Ι

95 2485 599 2552 ΡἮΠῙῙῙΘ,ΨῙθβασιλὲυἲΧθΠθΡὴ·θθθ·
653 2521 709 2563 τοι,
730 2495 751 2552 oi
770 2505 861 2572 Κῦρε,
888 2520 982 2554 παντα
1000 2503 1052 2572 μὲν
1070 2506 1158 2554 ταῦτα

94 2555 144 2621 lv,
166 2557 206 2605 ¹5·
231 2554 289 2638 le·
311 2554 535 2638 cieveretv,
549 2555 599 2636 27¹²
653 2567 787 2639 θαυμάζω
800 2569 848 2622 ἐπὶ
861 2573 900 2635 τῷ
912 2568 1016 2635 κάλλει,
1038 2566 1108 2621 πολὺ
1127 2569 1157 2621 δὲ

95 2624 178 2690 ΜΨ
191 2624 302 2691 symea
318 2639 389 2706 7]θὸῑὸ
404 2623 602 2686 Aniwdllsth·
651 2640 757 2706 μᾶλλον
780 2632 887 2706 ἄγαμαι
913 2641 960 2689 τοῦ
983 2634 1157 2708 καταμετρή-

96 2709 125 2742 ⁰⁸
146 2707 264 2757 PW⁰⁸2
290 2697 367 2742 ΜΝ
391 2691 491 2741 ΗΜΘ
515 2705 601 2757 ΜΡΝ
653 2702 754 2765 σαντός
772 2719 816 2757 σοι
835 2707 882 2758 καὶ
901 2702 1157 2766 διατάξαντοςὲκα-

88 2762 189 2826 sume·
323 2777 326 2788 ¹
653 2787 706 2825 στα
720 2776 816 2826 ταῦτα.

128 2826 271 2893 Lysander
288 2827 529 2890 Lacedaemonius,
556 2827 602 2876 der

10 2886 13 2905 ¹
97 2894 188 2956 Sieger
200 2909 249 2942 von
262 2892 459 2958 Aegospotamos
475 2896 536 2943 405.
687 2878 825 2941 ‘limem’
849 2878 1009 2942 l’flSSlVlSsslla
1027 2878 1077 2940 ,Wiss
1097 2876 1159 2926 ΜΘ·

132 2976 313 3023 communem,
335 2961 380 3009 der
398 2962 467 3010 nicht
484 2978 533 3011 von
550 2960 603 3010 An·
649 2952 729 3011 Pium
742 2962 765 2995 θ·
780 2947 811 3004 2,
825 2947 851 2994 4·

96 3031 158 3080 dern
179 3028 232 3077 sich
252 3028 405 3091 absondert,
428 3029 536 3078 sondern
554 3029 600 3078 mit
687 3031 832 3095 descripta.
864 3031 1023 3080 Desorz‘dere
1040 3054 1075 3072 =
1096 3027 1159 3079 dru-
1244 3030 1249 3036 ’

62 3122 70 3129 ·
96 3099 171 3147 ihnen
190 3097 216 3145 in
243 3095 519 3158 gemeinschaftlichem
537 3094 601 3146 Ver-
653 3092 776 3149 τάσσειν.
795 3096 854 3161 Vgl.
869 3113 890 3146 c.
907 3099 932 3160 2,
947 3100 971 3147 5.

95 3167 160 3215 kehr
171 3165 234 3227 teht,
249 3165 328 3215 daher
339 3180 388 3215 von
402 3164 482 3213 ludher
494 3163 601 3213 Stehen-
687 3185 776 3247 Μαί,
798 3180 842 3229 Bei
855 3179 995 3245 Xenophon
1009 3183 1110 3231 τοίνυν,

96 3235 144 3284 deu
164 3233 339 3296 leutselig.

130 3301 160 3351 d.
268 3305 273 3315 .
342 3303 347 3315 .
539 3304 544 3315 .
688 3269 751 3314 rite.
772 3264 817 3313 Bei
830 3263 968 3329 Xenophon
982 3264 1105 3321 δικαίως.

149 3305 249 3350 erectos
261 3317 290 3349 m
298 3316 473 3366 quencuneem
482 3299 600 3363 ordines,

95 3370 121 3418 in
135 3367 236 3418 Gestalt
248 3369 294 3418 der
306 3366 487 3431 ruminarent,
501 3385 528 3418 so
541 3369 601 3419 duss
655 3372 667 3401 ⁰*
687 3353 815 3431 llf⁰⁷²²⁸am
834 3353 938 3400 virtuli
957 3355 970 3400 l
978 3366 1019 3400 ”a
1030 3351 1159 3428 ‚sm'tlma

92 3438 121 3502 je
141 3438 155 3485 3
173 3437 263 3486 imme,
281 3436 352 3486 einer
370 3434 393 3485 y
410 3436 534 3498 plepem
565 3436 601 3486 pm
653 3422 870 3479 metanoeam,
899 3419 978 3480 „weil
997 3418 1069 3469 derne
1094 3418 1160 3467 holte

95 3504 212 3569 Original
231 3503 265 3555 lV
302 3504 353 3552 212
377 3497 534 3570 ἐθαύμαζεν
552 3498 602 3553 αὖ.
650 3485 1161 3550 Stelluugzugleicltmitoirtucverbun-

96 3569 144 3622 ,pp
157 3568 170 3622 ὁ
181 3541 358 3638 Λύσαῦδρος,
373 3566 410 3626 ὡς
421 3566 490 3620 καλὰ
501 3569 554 3638 μὲν
567 3567 601 3622 τὰ
653 3555 703 3604 den
715 3553 786 3616 ist,“
793 3568 847 3603 was
858 3561 928 3619 spnst
937 3556 1007 3605 nicht
1018 3556 1106 3604 immor
1115 3555 1160 3603 der

96 3638 200 3708 ascopa
214 3641 268 3722 a„
293 3633 327 3690 at
344 3639 405 3689 raon
418 3635 449 3688 aa
462 3633 495 3687 τὰ
509 3654 601 3706 nepo·
653 3621 720 3704 pap.
736 3621 920 3741 pyropo:
936 3618 1042 3690 ἀγαθὸς
1052 3617 1106 3690 γὰρ
1120 3634 1159 3671 ων

96 3708 234 3840 illim,
255 3705 602 3842 iiiiiicii(}irffailliiitikliigl
654 3706 729 3825 will.
749 3708 917 3840 italiieideiii
937 3775 1078 3827 Valerium
1093 3771 1160 3822 Cor·
1196 3835 1201 3842 ἱ

96 3841 127 3892 δὲ
141 3837 236 3892 πάντα
248 3844 335 3900 καλῶς
351 3844 401 3907 εἴη.
585 3868 598 3897 2·
654 3858 725 3892 vum.
751 3840 787 3889 Er
807 3843 939 3892 zciolrnete
952 3841 1006 3890 sich
1020 3846 1108 3890 zuerst
1126 3840 1159 3889 lm

131 3911 598 3977 domumsuductumutqucpurom.
653 3907 747 3970 liriege
767 3908 812 3957 mit
831 3910 878 3958 den
900 3907 1014 3959 Galliern
1026 3907 1103 3973 (349)
1122 3907 1160 3958 als

96 3977 184 4030 Davon
198 3979 266 4029 steht
278 3979 319 4028 bei
332 3976 472 4044 Xenophon
485 3980 600 4030 niclrts.¹
655 3979 757 4028 triduo.
772 3976 851 4027 milit.
867 3991 927 4041 aus,
942 3976 1160 4042 indentergegen
1252 4026 1255 4033 ,
1311 3972 1327 4019 .’
