<?xml version="1.0" encoding="UTF-8"?>
<!DOCTYPE html PUBLIC "-//W3C//DTD XHTML 1.0 Transitional//EN"
    "http://www.w3.org/TR/xhtml1/DTD/xhtml1-transitional.dtd">
<html xmlns="http://www.w3.org/1999/xhtml" xml:lang="en" lang="en">
 <head>
  <title>
</title>
<meta http-equiv="Content-Type" content="text/html;charset=utf-8" />
  <meta name='ocr-system' content='tesseract 3.04.00' />
  <meta name='ocr-capabilities' content='ocr_page ocr_carea ocr_par ocr_line ocrx_word'/>
</head>
<body>
  <div class='ocr_page' id='page_1' title='image "./mtulliiciceroni01sommgoog_0082.png"; bbox 0 0 2656 4672; ppageno 0'>
   <div class='ocr_carea' id='block_1_1' title="bbox 499 368 1212 447">
    <p class='ocr_par' dir='ltr' id='par_1_1' title="bbox 499 368 1212 447">
     <span class='ocr_line' id='line_1_1' title="bbox 499 368 1212 447; baseline -0.007 -15"><span class='ocrx_word' id='word_1_1' title='bbox 499 381 590 432; x_wconf 71' lang='lat' dir='ltr'><strong>caro</strong></span> <span class='ocrx_word' id='word_1_2' title='bbox 604 381 721 432; x_wconf 73' lang='lat' dir='ltr'><strong>urion.</strong></span> <span class='ocrx_word' id='word_1_3' title='bbox 741 382 766 447; x_wconf 66' lang='lat' dir='ltr'><strong>s.</strong></span> <span class='ocrx_word' id='word_1_4' title='bbox 780 382 894 432; x_wconf 72' lang='lat' dir='ltr'><strong>se-ss.</strong></span> <span class='ocrx_word' id='word_1_5' title='bbox 1172 368 1212 429; x_wconf 74' lang='lat'><strong>57</strong></span> 
     </span>
    </p>
   </div>
   <div class='ocr_carea' id='block_1_2' title="bbox 153 533 1266 961">
    <p class='ocr_par' dir='ltr' id='par_1_2' title="bbox 153 533 1266 961">
     <span class='ocr_line' id='line_1_2' title="bbox 237 533 1266 617; baseline 0.004 -22"><span class='ocrx_word' id='word_1_6' title='bbox 237 534 335 617; x_wconf 75' lang='lat' dir='ltr'><strong>Cyrus</strong></span> <span class='ocrx_word' id='word_1_7' title='bbox 350 533 467 614; x_wconf 86' lang='lat' dir='ltr'><strong>quidem</strong></span> <span class='ocrx_word' id='word_1_8' title='bbox 484 533 556 596; x_wconf 85' lang='lat' dir='ltr'><strong>haee</strong></span> <span class='ocrx_word' id='word_1_9' title='bbox 573 536 717 596; x_wconf 89' lang='lat' dir='ltr'><strong>moriens.</strong></span> <span class='ocrx_word' id='word_1_10' title='bbox 756 533 839 597; x_wconf 77' lang='lat' dir='ltr'><strong>Nos.</strong></span> <span class='ocrx_word' id='word_1_11' title='bbox 861 534 888 595; x_wconf 89' lang='lat' dir='ltr'><strong>si</strong></span> <span class='ocrx_word' id='word_1_12' title='bbox 904 534 1020 617; x_wconf 69' lang='lat' dir='ltr'><strong>placet,</strong></span> <span class='ocrx_word' id='word_1_13' title='bbox 1046 546 1148 598; x_wconf 88' lang='lat' dir='ltr'><strong>nostra</strong></span> <span class='ocrx_word' id='word_1_14' title='bbox 1164 537 1209 599; x_wconf 85' lang='lat' dir='ltr'><strong>ri·</strong></span> <span class='ocrx_word' id='word_1_15' title='bbox 1222 536 1266 607; x_wconf 70' lang='lat'><strong>88</strong></span> 
     </span>
     <span class='ocr_line' id='line_1_3' title="bbox 153 618 1263 703; baseline 0.001 -21"><span class='ocrx_word' id='word_1_16' title='bbox 153 621 288 682; x_wconf 85' lang='lat' dir='ltr'><strong>deamos.</strong></span> <span class='ocrx_word' id='word_1_17' title='bbox 320 618 416 681; x_wconf 79' lang='lat' dir='ltr'><strong>Nemo</strong></span> <span class='ocrx_word' id='word_1_18' title='bbox 432 618 504 680; x_wconf 90' lang='lat' dir='ltr'><strong>mihi</strong></span> <span class='ocrx_word' id='word_1_19' title='bbox 520 640 659 700; x_wconf 86' lang='lat' dir='ltr'><strong>unquam,</strong></span> <span class='ocrx_word' id='word_1_20' title='bbox 678 618 790 701; x_wconf 79' lang='lat' dir='ltr'><strong>Scipio,</strong></span> <span class='ocrx_word' id='word_1_21' title='bbox 807 618 1016 701; x_wconf 72' lang='lat' dir='ltr'>persuadebit,</span> <span class='ocrx_word' id='word_1_22' title='bbox 1034 631 1084 681; x_wconf 83' lang='lat' dir='ltr'><strong>aut</strong></span> <span class='ocrx_word' id='word_1_23' title='bbox 1102 630 1214 703; x_wconf 82' lang='lat' dir='ltr'><strong>patrem</strong></span> <span class='ocrx_word' id='word_1_24' title='bbox 1229 632 1263 685; x_wconf 70' lang='lat' dir='ltr'><strong>et</strong></span> 
     </span>
     <span class='ocr_line' id='line_1_4' title="bbox 155 704 1213 779; baseline 0.003 -13"><span class='ocrx_word' id='word_1_25' title='bbox 155 715 237 767; x_wconf 84' lang='lat' dir='ltr'><strong>tuum</strong></span> <span class='ocrx_word' id='word_1_26' title='bbox 251 704 387 766; x_wconf 80' lang='lat' dir='ltr'><strong>Paullum</strong></span> <span class='ocrx_word' id='word_1_27' title='bbox 403 714 454 766; x_wconf 89' lang='lat' dir='ltr'><strong>aut</strong></span> <span class='ocrx_word' id='word_1_28' title='bbox 470 705 545 766; x_wconf 90' lang='lat' dir='ltr'><strong>dnos</strong></span> <span class='ocrx_word' id='word_1_29' title='bbox 561 726 654 779; x_wconf 83' lang='lat' dir='ltr'><strong>aros,</strong></span> <span class='ocrx_word' id='word_1_30' title='bbox 672 704 807 767; x_wconf 77' lang='lat' dir='ltr'><strong>Paullum</strong></span> <span class='ocrx_word' id='word_1_31' title='bbox 822 715 851 765; x_wconf 89' lang='lat' dir='ltr'><strong>et</strong></span> <span class='ocrx_word' id='word_1_32' title='bbox 867 704 1050 771; x_wconf 74' lang='lat' dir='ltr'><strong>Africanum.</strong></span> <span class='ocrx_word' id='word_1_33' title='bbox 1068 716 1116 767; x_wconf 75' lang='lat' dir='ltr'><strong>siut</strong></span> <span class='ocrx_word' id='word_1_34' title='bbox 1132 707 1213 769; x_wconf 76' lang='lat' dir='ltr'><strong>Atri-</strong></span> 
     </span>
     <span class='ocr_line' id='line_1_5' title="bbox 153 790 1213 873; baseline 0.002 -20"><span class='ocrx_word' id='word_1_35' title='bbox 153 790 220 853; x_wconf 74' lang='lat' dir='ltr'><strong>cani</strong></span> <span class='ocrx_word' id='word_1_36' title='bbox 241 800 354 872; x_wconf 82' lang='lat' dir='ltr'><strong>patrem</strong></span> <span class='ocrx_word' id='word_1_37' title='bbox 379 801 430 852; x_wconf 87' lang='lat' dir='ltr'><strong>aut</strong></span> <span class='ocrx_word' id='word_1_38' title='bbox 453 800 589 872; x_wconf 87' lang='lat' dir='ltr'><strong>patruum</strong></span> <span class='ocrx_word' id='word_1_39' title='bbox 611 799 663 852; x_wconf 87' lang='lat' dir='ltr'><strong>aut</strong></span> <span class='ocrx_word' id='word_1_40' title='bbox 678 790 787 854; x_wconf 87' lang='lat' dir='ltr'><strong>multos</strong></span> <span class='ocrx_word' id='word_1_41' title='bbox 809 799 997 873; x_wconf 83' lang='lat' dir='ltr'><strong>praestantes</strong></span> <span class='ocrx_word' id='word_1_42' title='bbox 1011 790 1115 869; x_wconf 78' lang='lat' dir='ltr'><strong>viros,</strong></span> <span class='ocrx_word' id='word_1_43' title='bbox 1138 812 1213 873; x_wconf 86' lang='lat' dir='ltr'><strong>quos</strong></span> 
     </span>
     <span class='ocr_line' id='line_1_6' title="bbox 153 866 1217 961; baseline 0.004 -25"><span class='ocrx_word' id='word_1_44' title='bbox 153 895 330 938; x_wconf 89' lang='lat' dir='ltr'><strong>enumerare</strong></span> <span class='ocrx_word' id='word_1_45' title='bbox 346 896 406 938; x_wconf 92' lang='lat' dir='ltr'><strong>non</strong></span> <span class='ocrx_word' id='word_1_46' title='bbox 422 886 468 937; x_wconf 89' lang='lat' dir='ltr'><strong>est</strong></span> <span class='ocrx_word' id='word_1_47' title='bbox 483 895 621 952; x_wconf 83' lang='lat' dir='ltr'><strong>neeesse,</strong></span> <span class='ocrx_word' id='word_1_48' title='bbox 637 885 719 936; x_wconf 86' lang='lat' dir='ltr'><strong>tanta</strong></span> <span class='ocrx_word' id='word_1_49' title='bbox 734 895 802 938; x_wconf 87' lang='lat' dir='ltr'><strong>esse</strong></span> <span class='ocrx_word' id='word_1_50' title='bbox 813 885 949 950; x_wconf 78' lang='lat' dir='ltr'><strong>conatos,</strong></span> <span class='ocrx_word' id='word_1_51' title='bbox 967 896 1044 956; x_wconf 75' lang='lat' dir='ltr'><strong>quoe</strong></span> <span class='ocrx_word' id='word_1_52' title='bbox 1060 875 1098 938; x_wconf 81' lang='lat' dir='ltr'><strong>ed</strong></span> <span class='ocrx_word' id='word_1_53' title='bbox 1112 866 1217 961; x_wconf 68' lang='lat' dir='ltr'><strong>postD</strong></span> 
     </span>
    </p>
   </div>
   <div class='ocr_carea' id='block_1_3' title="bbox 102 960 1265 2318">
    <p class='ocr_par' dir='ltr' id='par_1_3' title="bbox 102 960 1265 2318">
     <span class='ocr_line' id='line_1_7' title="bbox 151 960 1214 1042; baseline 0.004 -20"><span class='ocrx_word' id='word_1_54' title='bbox 151 960 252 1022; x_wconf 88' lang='lat' dir='ltr'><strong>ritatis</strong></span> <span class='ocrx_word' id='word_1_55' title='bbox 275 962 446 1023; x_wconf 86' lang='lat' dir='ltr'><strong>memoriam</strong></span> <span class='ocrx_word' id='word_1_56' title='bbox 464 961 659 1042; x_wconf 85' lang='lat' dir='ltr'><strong>pertinerent,</strong></span> <span class='ocrx_word' id='word_1_57' title='bbox 678 961 736 1023; x_wconf 88' lang='lat' dir='ltr'><strong>uisi</strong></span> <span class='ocrx_word' id='word_1_58' title='bbox 751 961 851 1022; x_wconf 93' lang='lat' dir='ltr'><strong>animo</strong></span> <span class='ocrx_word' id='word_1_59' title='bbox 864 971 1035 1031; x_wconf 82' lang='lat' dir='ltr'><strong>eernere-ut,</strong></span> <span class='ocrx_word' id='word_1_60' title='bbox 1054 962 1214 1042; x_wconf 85' lang='lat' dir='ltr'><strong>posterita-</strong></span> 
     </span>
     <span class='ocr_line' id='line_1_8' title="bbox 152 1044 1213 1128; baseline 0.005 -22"><span class='ocrx_word' id='word_1_61' title='bbox 152 1055 213 1115; x_wconf 85' lang='lat' dir='ltr'><strong>tem</strong></span> <span class='ocrx_word' id='word_1_62' title='bbox 234 1045 270 1107; x_wconf 88' lang='lat' dir='ltr'><strong>ad</strong></span> <span class='ocrx_word' id='word_1_63' title='bbox 292 1065 326 1108; x_wconf 88' lang='lat' dir='ltr'><strong>se</strong></span> <span class='ocrx_word' id='word_1_64' title='bbox 348 1047 511 1128; x_wconf 84' lang='lat' dir='ltr'><strong>pertinere.</strong></span> <span class='ocrx_word' id='word_1_65' title='bbox 550 1047 597 1107; x_wconf 79' lang='lat' dir='ltr'><strong>An</strong></span> <span class='ocrx_word' id='word_1_66' title='bbox 619 1065 725 1108; x_wconf 84' lang='lat' dir='ltr'><strong>oeuses</strong></span> <span class='ocrx_word' id='word_1_67' title='bbox 749 1046 846 1123; x_wconf 77' lang='lat' dir='ltr'><strong>(utde</strong></span> <span class='ocrx_word' id='word_1_68' title='bbox 862 1044 989 1127; x_wconf 89' lang='lat' dir='ltr'><strong>meipso</strong></span> <span class='ocrx_word' id='word_1_69' title='bbox 1005 1045 1115 1127; x_wconf 89' lang='lat' dir='ltr'><strong>aliquid</strong></span> <span class='ocrx_word' id='word_1_70' title='bbox 1131 1068 1213 1111; x_wconf 85' lang='lat' dir='ltr'><strong>more</strong></span> 
     </span>
     <span class='ocr_line' id='line_1_9' title="bbox 153 1130 1211 1213; baseline 0.003 -21"><span class='ocrx_word' id='word_1_71' title='bbox 153 1150 257 1192; x_wconf 89' lang='lat' dir='ltr'><strong>senum</strong></span> <span class='ocrx_word' id='word_1_72' title='bbox 273 1130 412 1212; x_wconf 81' lang='lat' dir='ltr'><strong>glorier),</strong></span> <span class='ocrx_word' id='word_1_73' title='bbox 438 1152 484 1193; x_wconf 89' lang='lat' dir='ltr'><strong>me</strong></span> <span class='ocrx_word' id='word_1_74' title='bbox 501 1141 601 1193; x_wconf 84' lang='lat' dir='ltr'><strong>tentos</strong></span> <span class='ocrx_word' id='word_1_75' title='bbox 623 1130 739 1194; x_wconf 87' lang='lat' dir='ltr'><strong>labores</strong></span> <span class='ocrx_word' id='word_1_76' title='bbox 756 1131 878 1193; x_wconf 90' lang='lat' dir='ltr'><strong>diurnos</strong></span> <span class='ocrx_word' id='word_1_77' title='bbox 894 1140 1116 1213; x_wconf 74' lang='lat' dir='ltr'><strong>nocturnosque</strong></span> <span class='ocrx_word' id='word_1_78' title='bbox 1131 1131 1211 1195; x_wconf 87' lang='lat' dir='ltr'><strong>domi</strong></span> 
     </span>
     <span class='ocr_line' id='line_1_10' title="bbox 154 1215 1214 1300; baseline 0.005 -24"><span class='ocrx_word' id='word_1_79' title='bbox 154 1215 335 1297; x_wconf 80' lang='lat' dir='ltr'><strong>militiaeque</strong></span> <span class='ocrx_word' id='word_1_80' title='bbox 358 1228 564 1300; x_wconf 81' lang='lat' dir='ltr'><strong>suscepturum</strong></span> <span class='ocrx_word' id='word_1_81' title='bbox 589 1216 698 1289; x_wconf 89' lang='lat' dir='ltr'><strong>luisse,</strong></span> <span class='ocrx_word' id='word_1_82' title='bbox 721 1216 747 1278; x_wconf 93' lang='lat' dir='ltr'><strong>si</strong></span> <span class='ocrx_word' id='word_1_83' title='bbox 768 1215 874 1280; x_wconf 87' lang='lat' dir='ltr'><strong>iisdem</strong></span> <span class='ocrx_word' id='word_1_84' title='bbox 886 1215 994 1278; x_wconf 87' lang='lat' dir='ltr'><strong>linibus</strong></span> <span class='ocrx_word' id='word_1_85' title='bbox 1011 1217 1135 1300; x_wconf 84' lang='lat' dir='ltr'><strong>gloriam</strong></span> <span class='ocrx_word' id='word_1_86' title='bbox 1151 1237 1214 1281; x_wconf 88' lang='lat' dir='ltr'><strong>me·</strong></span> 
     </span>
     <span class='ocr_line' id='line_1_11' title="bbox 154 1300 1213 1382; baseline 0.002 -19"><span class='ocrx_word' id='word_1_87' title='bbox 154 1322 221 1378; x_wconf 88' lang='lat' dir='ltr'><strong>am,</strong></span> <span class='ocrx_word' id='word_1_88' title='bbox 244 1301 350 1382; x_wconf 86' lang='lat' dir='ltr'><strong>quibos</strong></span> <span class='ocrx_word' id='word_1_89' title='bbox 366 1302 475 1376; x_wconf 71' lang='lat' dir='ltr'><strong>sitam,</strong></span> <span class='ocrx_word' id='word_1_90' title='bbox 494 1321 590 1363; x_wconf 89' lang='lat' dir='ltr'><strong>essem</strong></span> <span class='ocrx_word' id='word_1_91' title='bbox 608 1302 842 1365; x_wconf 83' lang='lat' dir='ltr'><strong>terminaturos?</strong></span> <span class='ocrx_word' id='word_1_92' title='bbox 872 1300 982 1363; x_wconf 85' lang='lat' dir='ltr'><strong>Nonne</strong></span> <span class='ocrx_word' id='word_1_93' title='bbox 997 1302 1090 1364; x_wconf 87' lang='lat' dir='ltr'><strong>multo</strong></span> <span class='ocrx_word' id='word_1_94' title='bbox 1106 1300 1213 1365; x_wconf 86' lang='lat' dir='ltr'><strong>melius</strong></span> 
     </span>
     <span class='ocr_line' id='line_1_12' title="bbox 154 1385 1216 1468; baseline 0.002 -21"><span class='ocrx_word' id='word_1_95' title='bbox 154 1386 280 1462; x_wconf 86' lang='lat' dir='ltr'><strong>luisset,</strong></span> <span class='ocrx_word' id='word_1_96' title='bbox 308 1387 433 1448; x_wconf 88' lang='lat' dir='ltr'><strong>otiosam</strong></span> <span class='ocrx_word' id='word_1_97' title='bbox 458 1396 583 1448; x_wconf 89' lang='lat' dir='ltr'><strong>aetatem</strong></span> <span class='ocrx_word' id='word_1_98' title='bbox 607 1399 638 1449; x_wconf 89' lang='lat' dir='ltr'><strong>et</strong></span> <span class='ocrx_word' id='word_1_99' title='bbox 652 1387 780 1468; x_wconf 83' lang='lat' dir='ltr'><strong>quietam</strong></span> <span class='ocrx_word' id='word_1_100' title='bbox 806 1386 871 1449; x_wconf 87' lang='lat' dir='ltr'><strong>sine</strong></span> <span class='ocrx_word' id='word_1_101' title='bbox 894 1385 954 1448; x_wconf 90' lang='lat' dir='ltr'><strong>ullo</strong></span> <span class='ocrx_word' id='word_1_102' title='bbox 970 1397 1023 1448; x_wconf 90' lang='lat' dir='ltr'><strong>aut</strong></span> <span class='ocrx_word' id='word_1_103' title='bbox 1046 1387 1146 1450; x_wconf 75' lang='lat' dir='ltr'><strong>labore</strong></span> <span class='ocrx_word' id='word_1_104' title='bbox 1163 1398 1216 1451; x_wconf 75' lang='lat' dir='ltr'><strong>aot</strong></span> 
     </span>
     <span class='ocr_line' id='line_1_13' title="bbox 155 1471 1214 1553; baseline 0.002 -20"><span class='ocrx_word' id='word_1_105' title='bbox 155 1471 348 1534; x_wconf 77' lang='lat' dir='ltr'><strong>contentione</strong></span> <span class='ocrx_word' id='word_1_106' title='bbox 364 1472 542 1534; x_wconf 78' lang='lat' dir='ltr'><strong>traducere?</strong></span> <span class='ocrx_word' id='word_1_107' title='bbox 558 1471 614 1534; x_wconf 88' lang='lat' dir='ltr'><strong>Sed</strong></span> <span class='ocrx_word' id='word_1_108' title='bbox 632 1472 733 1534; x_wconf 83' lang='lat' dir='ltr'><strong>neseio</strong></span> <span class='ocrx_word' id='word_1_109' title='bbox 750 1471 895 1553; x_wconf 90' lang='lat' dir='ltr'><strong>quomodo</strong></span> <span class='ocrx_word' id='word_1_110' title='bbox 911 1471 1028 1532; x_wconf 77' lang='lat' dir='ltr'><strong>artimus</strong></span> <span class='ocrx_word' id='word_1_111' title='bbox 1045 1472 1164 1553; x_wconf 79' lang='lat' dir='ltr'><strong>erigens</strong></span> <span class='ocrx_word' id='word_1_112' title='bbox 1180 1493 1214 1536; x_wconf 89' lang='lat' dir='ltr'><strong>se</strong></span> 
     </span>
     <span class='ocr_line' id='line_1_14' title="bbox 155 1556 1216 1640; baseline -0.002 -21"><span class='ocrx_word' id='word_1_113' title='bbox 155 1557 358 1639; x_wconf 84' lang='lat' dir='ltr'><strong>posteritatem</strong></span> <span class='ocrx_word' id='word_1_114' title='bbox 375 1556 418 1618; x_wconf 90' lang='lat' dir='ltr'><strong>ita</strong></span> <span class='ocrx_word' id='word_1_115' title='bbox 427 1575 544 1638; x_wconf 89' lang='lat' dir='ltr'><strong>semper</strong></span> <span class='ocrx_word' id='word_1_116' title='bbox 553 1557 762 1640; x_wconf 79' lang='lat' dir='ltr'><strong>prospiciebat,</strong></span> <span class='ocrx_word' id='word_1_117' title='bbox 780 1556 875 1637; x_wconf 84' lang='lat' dir='ltr'><strong>quasi,</strong></span> <span class='ocrx_word' id='word_1_118' title='bbox 894 1576 981 1636; x_wconf 87' lang='lat' dir='ltr'><strong>quum</strong></span> <span class='ocrx_word' id='word_1_119' title='bbox 998 1557 1184 1620; x_wconf 75' lang='lat' dir='ltr'><strong>excessisset</strong></span> <span class='ocrx_word' id='word_1_120' title='bbox 1199 1578 1216 1617; x_wconf 85' lang='lat' dir='ltr'><strong>e</strong></span> 
     </span>
     <span class='ocr_line' id='line_1_15' title="bbox 154 1639 1215 1723; baseline 0.002 -20"><span class='ocrx_word' id='word_1_121' title='bbox 154 1642 230 1719; x_wconf 88' lang='lat' dir='ltr'><strong>vita,</strong></span> <span class='ocrx_word' id='word_1_122' title='bbox 248 1652 309 1703; x_wconf 89' lang='lat' dir='ltr'><strong>tum</strong></span> <span class='ocrx_word' id='word_1_123' title='bbox 327 1641 454 1723; x_wconf 86' lang='lat' dir='ltr'><strong>denique</strong></span> <span class='ocrx_word' id='word_1_124' title='bbox 470 1643 603 1704; x_wconf 78' lang='lat' dir='ltr'><strong>victurus</strong></span> <span class='ocrx_word' id='word_1_125' title='bbox 620 1653 711 1704; x_wconf 88' lang='lat' dir='ltr'><strong>esset.</strong></span> <span class='ocrx_word' id='word_1_126' title='bbox 745 1640 828 1719; x_wconf 83' lang='lat' dir='ltr'><strong>Quod</strong></span> <span class='ocrx_word' id='word_1_127' title='bbox 845 1641 964 1721; x_wconf 89' lang='lat' dir='ltr'><strong>quidem</strong></span> <span class='ocrx_word' id='word_1_128' title='bbox 978 1639 1007 1700; x_wconf 90' lang='lat' dir='ltr'><strong>ni</strong></span> <span class='ocrx_word' id='word_1_129' title='bbox 1022 1640 1064 1702; x_wconf 86' lang='lat' dir='ltr'><strong>ita</strong></span> <span class='ocrx_word' id='word_1_130' title='bbox 1080 1660 1112 1703; x_wconf 89' lang='lat' dir='ltr'><strong>se</strong></span> <span class='ocrx_word' id='word_1_131' title='bbox 1126 1640 1215 1705; x_wconf 83' lang='lat' dir='ltr'><strong>hobe-</strong></span> 
     </span>
     <span class='ocr_line' id='line_1_16' title="bbox 154 1724 1217 1808; baseline 0.005 -20"><span class='ocrx_word' id='word_1_132' title='bbox 154 1737 213 1804; x_wconf 87' lang='lat' dir='ltr'><strong>ret‚</strong></span> <span class='ocrx_word' id='word_1_133' title='bbox 232 1737 265 1788; x_wconf 86' lang='lat' dir='ltr'><strong>ut</strong></span> <span class='ocrx_word' id='word_1_134' title='bbox 280 1726 371 1789; x_wconf 90' lang='lat' dir='ltr'><strong>animi</strong></span> <span class='ocrx_word' id='word_1_135' title='bbox 387 1726 571 1789; x_wconf 89' lang='lat' dir='ltr'><strong>immortales</strong></span> <span class='ocrx_word' id='word_1_136' title='bbox 588 1737 709 1802; x_wconf 85' lang='lat' dir='ltr'><strong>essent,</strong></span> <span class='ocrx_word' id='word_1_137' title='bbox 735 1726 810 1787; x_wconf 82' lang='lat' dir='ltr'><strong>lraud</strong></span> <span class='ocrx_word' id='word_1_138' title='bbox 827 1725 929 1808; x_wconf 90' lang='lat' dir='ltr'><strong>optimi</strong></span> <span class='ocrx_word' id='word_1_139' title='bbox 945 1724 1085 1806; x_wconf 79' lang='lat' dir='ltr'><strong>cuiusque</strong></span> <span class='ocrx_word' id='word_1_140' title='bbox 1101 1727 1217 1793; x_wconf 83' lang='lat' dir='ltr'><strong>errimus</strong></span> 
     </span>
     <span class='ocr_line' id='line_1_17' title="bbox 154 1810 1265 1898; baseline 0.001 -26"><span class='ocrx_word' id='word_1_141' title='bbox 154 1812 285 1874; x_wconf 88' lang='lat' dir='ltr'><strong>maxime</strong></span> <span class='ocrx_word' id='word_1_142' title='bbox 301 1813 339 1874; x_wconf 85' lang='lat' dir='ltr'><strong>ed</strong></span> <span class='ocrx_word' id='word_1_143' title='bbox 353 1812 605 1875; x_wconf 85' lang='lat' dir='ltr'><strong>immortalitatem</strong></span> <span class='ocrx_word' id='word_1_144' title='bbox 627 1811 742 1898; x_wconf 87' lang='lat' dir='ltr'><strong>gloriae</strong></span> <span class='ocrx_word' id='word_1_145' title='bbox 760 1810 915 1874; x_wconf 88' lang='lat' dir='ltr'><strong>niteretur.</strong></span> <span class='ocrx_word' id='word_1_146' title='bbox 955 1810 1050 1888; x_wconf 83' lang='lat' dir='ltr'><strong>Quid,</strong></span> <span class='ocrx_word' id='word_1_147' title='bbox 1075 1812 1153 1893; x_wconf 87' lang='lat' dir='ltr'><strong>quod</strong></span> <span class='ocrx_word' id='word_1_148' title='bbox 1169 1832 1217 1874; x_wconf 83' lang='lat' dir='ltr'><strong>so·</strong></span> <span class='ocrx_word' id='word_1_149' title='bbox 1234 1822 1265 1873; x_wconf 75' lang='lat' dir='ltr'><strong>st</strong></span> 
     </span>
     <span class='ocr_line' id='line_1_18' title="bbox 102 1895 1217 1980; baseline 0.004 -23"><span class='ocrx_word' id='word_1_150' title='bbox 102 1918 104 1923; x_wconf 56' lang='lat'><strong><em>¹</em></strong></span> <span class='ocrx_word' id='word_1_151' title='bbox 156 1897 358 1979; x_wconf 82' lang='lat' dir='ltr'><strong>pientissimus</strong></span> <span class='ocrx_word' id='word_1_152' title='bbox 381 1898 505 1980; x_wconf 86' lang='lat' dir='ltr'><strong>quisque</strong></span> <span class='ocrx_word' id='word_1_153' title='bbox 528 1897 708 1979; x_wconf 87' lang='lat' dir='ltr'><strong>aequissimo</strong></span> <span class='ocrx_word' id='word_1_154' title='bbox 731 1897 831 1960; x_wconf 88' lang='lat' dir='ltr'><strong>animo</strong></span> <span class='ocrx_word' id='word_1_155' title='bbox 854 1895 996 1967; x_wconf 86' lang='lat' dir='ltr'><strong>moritur,</strong></span> <span class='ocrx_word' id='word_1_156' title='bbox 1022 1896 1217 1962; x_wconf 86' lang='lat' dir='ltr'><strong>stultissimus</strong></span> 
     </span>
     <span class='ocr_line' id='line_1_19' title="bbox 154 1980 1218 2063; baseline 0.001 -19"><span class='ocrx_word' id='word_1_157' title='bbox 154 1981 363 2063; x_wconf 83' lang='lat' dir='ltr'><strong>iniquissimo?</strong></span> <span class='ocrx_word' id='word_1_158' title='bbox 391 2004 490 2046; x_wconf 87' lang='lat' dir='ltr'><strong>nonne</strong></span> <span class='ocrx_word' id='word_1_159' title='bbox 511 1985 596 2046; x_wconf 92' lang='lat' dir='ltr'><strong>vobis</strong></span> <span class='ocrx_word' id='word_1_160' title='bbox 611 1982 731 2045; x_wconf 86' lang='lat' dir='ltr'><strong>videtur</strong></span> <span class='ocrx_word' id='word_1_161' title='bbox 751 1982 777 2045; x_wconf 93' lang='lat' dir='ltr'><strong>is</strong></span> <span class='ocrx_word' id='word_1_162' title='bbox 794 1980 931 2056; x_wconf 86' lang='lat' dir='ltr'><strong>animus,</strong></span> <span class='ocrx_word' id='word_1_163' title='bbox 958 1980 1007 2062; x_wconf 91' lang='lat' dir='ltr'><strong>qui</strong></span> <span class='ocrx_word' id='word_1_164' title='bbox 1031 1981 1096 2063; x_wconf 87' lang='lat' dir='ltr'><strong>plus</strong></span> <span class='ocrx_word' id='word_1_165' title='bbox 1113 1993 1218 2046; x_wconf 85' lang='lat' dir='ltr'><strong>seruat</strong></span> 
     </span>
     <span class='ocr_line' id='line_1_20' title="bbox 157 2065 1215 2149; baseline 0.003 -23"><span class='ocrx_word' id='word_1_166' title='bbox 157 2075 188 2126; x_wconf 80' lang='lat' dir='ltr'><strong>et</strong></span> <span class='ocrx_word' id='word_1_167' title='bbox 203 2067 340 2147; x_wconf 83' lang='lat' dir='ltr'><strong>longius,</strong></span> <span class='ocrx_word' id='word_1_168' title='bbox 358 2068 480 2143; x_wconf 87' lang='lat' dir='ltr'><strong>videre,</strong></span> <span class='ocrx_word' id='word_1_169' title='bbox 498 2089 531 2130; x_wconf 89' lang='lat' dir='ltr'><strong>se</strong></span> <span class='ocrx_word' id='word_1_170' title='bbox 547 2070 584 2130; x_wconf 92' lang='lat' dir='ltr'><strong>ad</strong></span> <span class='ocrx_word' id='word_1_171' title='bbox 600 2068 724 2130; x_wconf 89' lang='lat' dir='ltr'><strong>meliora</strong></span> <span class='ocrx_word' id='word_1_172' title='bbox 741 2066 901 2149; x_wconf 77' lang='lat' dir='ltr'><strong>proficisci,</strong></span> <span class='ocrx_word' id='word_1_173' title='bbox 920 2065 970 2127; x_wconf 91' lang='lat' dir='ltr'><strong>ille</strong></span> <span class='ocrx_word' id='word_1_174' title='bbox 987 2075 1105 2143; x_wconf 84' lang='lat' dir='ltr'><strong>autem,</strong></span> <span class='ocrx_word' id='word_1_175' title='bbox 1131 2068 1215 2129; x_wconf 69' lang='lat' dir='ltr'><strong>(iuius</strong></span> 
     </span>
     <span class='ocr_line' id='line_1_21' title="bbox 158 2149 1217 2234; baseline 0.005 -24"><span class='ocrx_word' id='word_1_176' title='bbox 158 2149 293 2212; x_wconf 81' lang='lat' dir='ltr'><strong>obtusior</strong></span> <span class='ocrx_word' id='word_1_177' title='bbox 308 2151 348 2211; x_wconf 89' lang='lat' dir='ltr'><strong>sit</strong></span> <span class='ocrx_word' id='word_1_178' title='bbox 363 2152 454 2227; x_wconf 84' lang='lat' dir='ltr'><strong>acies,</strong></span> <span class='ocrx_word' id='word_1_179' title='bbox 473 2173 532 2214; x_wconf 93' lang='lat' dir='ltr'><strong>non</strong></span> <span class='ocrx_word' id='word_1_180' title='bbox 548 2153 673 2215; x_wconf 80' lang='lat' dir='ltr'><strong>videret</strong></span> <span class='ocrx_word' id='word_1_181' title='bbox 705 2151 848 2234; x_wconf 86' lang='lat' dir='ltr'><strong>Equidem</strong></span> <span class='ocrx_word' id='word_1_182' title='bbox 872 2151 981 2213; x_wconf 86' lang='lat' dir='ltr'><strong>efferor</strong></span> <span class='ocrx_word' id='word_1_183' title='bbox 1003 2150 1100 2213; x_wconf 88' lang='lat' dir='ltr'><strong>studio</strong></span> <span class='ocrx_word' id='word_1_184' title='bbox 1116 2162 1217 2234; x_wconf 71' lang='lat' dir='ltr'><strong>{ratres</strong></span> 
     </span>
     <span class='ocr_line' id='line_1_22' title="bbox 156 2236 1215 2318; baseline 0.003 -23"><span class='ocrx_word' id='word_1_185' title='bbox 156 2246 295 2311; x_wconf 86' lang='lat' dir='ltr'><strong>vestros,</strong></span> <span class='ocrx_word' id='word_1_186' title='bbox 314 2256 386 2317; x_wconf 91' lang='lat' dir='ltr'><strong>quos</strong></span> <span class='ocrx_word' id='word_1_187' title='bbox 404 2237 482 2298; x_wconf 90' lang='lat' dir='ltr'><strong>eolui</strong></span> <span class='ocrx_word' id='word_1_188' title='bbox 498 2248 528 2300; x_wconf 86' lang='lat' dir='ltr'><strong>et</strong></span> <span class='ocrx_word' id='word_1_189' title='bbox 543 2238 653 2315; x_wconf 82' lang='lat' dir='ltr'><strong>dilexi,</strong></span> <span class='ocrx_word' id='word_1_190' title='bbox 671 2236 811 2313; x_wconf 88' lang='lat' dir='ltr'><strong>videndi;</strong></span> <span class='ocrx_word' id='word_1_191' title='bbox 836 2256 933 2318; x_wconf 86' lang='lat' dir='ltr'><strong>neque</strong></span> <span class='ocrx_word' id='word_1_192' title='bbox 954 2256 1028 2298; x_wconf 81' lang='lat' dir='ltr'><strong>vero</strong></span> <span class='ocrx_word' id='word_1_193' title='bbox 1053 2256 1104 2299; x_wconf 89' lang='lat' dir='ltr'><strong>eos</strong></span> <span class='ocrx_word' id='word_1_194' title='bbox 1121 2236 1215 2299; x_wconf 86' lang='lat' dir='ltr'><strong>solum</strong></span> 
     </span>
    </p>
   </div>
   <div class='ocr_carea' id='block_1_4' title="bbox 156 2425 667 3719">
    <p class='ocr_par' dir='ltr' id='par_1_4' title="bbox 156 2425 667 3719">
     <span class='ocr_line' id='line_1_23' title="bbox 192 2425 663 2478; baseline 0.004 -4"><span class='ocrx_word' id='word_1_195' title='bbox 192 2430 271 2475; x_wconf 78' lang='lat' dir='ltr'><strong>taeta</strong></span> <span class='ocrx_word' id='word_1_196' title='bbox 291 2441 346 2474; x_wconf 88' lang='lat' dir='ltr'><strong>esse</strong></span> <span class='ocrx_word' id='word_1_197' title='bbox 359 2431 480 2474; x_wconf 83' lang='lat' dir='ltr'><strong>conatos.</strong></span> <span class='ocrx_word' id='word_1_198' title='bbox 518 2425 663 2478; x_wconf 80' lang='lat' dir='ltr'><strong>Gewdhnli-</strong></span> 
     </span>
     <span class='ocr_line' id='line_1_24' title="bbox 157 2494 664 2558; baseline 0.008 -16"><span class='ocrx_word' id='word_1_199' title='bbox 157 2494 218 2542; x_wconf 82' lang='lat' dir='ltr'><strong>cher</strong></span> <span class='ocrx_word' id='word_1_200' title='bbox 236 2499 382 2543; x_wconf 79' lang='lat' dir='ltr'><strong>conaturos</strong></span> <span class='ocrx_word' id='word_1_201' title='bbox 393 2494 488 2558; x_wconf 79' lang='lat' dir='ltr'><strong>feisse</strong></span> <span class='ocrx_word' id='word_1_202' title='bbox 507 2522 541 2530; x_wconf 98' lang='lat'><strong>—</strong></span> <span class='ocrx_word' id='word_1_203' title='bbox 561 2501 616 2545; x_wconf 79' lang='lat' dir='ltr'><strong>atsi</strong></span> <span class='ocrx_word' id='word_1_204' title='bbox 627 2501 664 2546; x_wconf 82' lang='lat' dir='ltr'><strong>vt-</strong></span> 
     </span>
     <span class='ocr_line' id='line_1_25' title="bbox 156 2561 663 2625; baseline 0.006 -14"><span class='ocrx_word' id='word_1_205' title='bbox 156 2562 268 2625; x_wconf 78' lang='lat' dir='ltr'><strong>dissent,</strong></span> <span class='ocrx_word' id='word_1_206' title='bbox 282 2563 331 2611; x_wconf 89' lang='lat' dir='ltr'><strong>wie</strong></span> <span class='ocrx_word' id='word_1_207' title='bbox 345 2561 404 2610; x_wconf 87' lang='lat' dir='ltr'><strong>bald</strong></span> <span class='ocrx_word' id='word_1_208' title='bbox 423 2561 528 2612; x_wconf 82' lang='lat' dir='ltr'><strong>darauf:</strong></span> <span class='ocrx_word' id='word_1_209' title='bbox 549 2564 590 2612; x_wconf 85' lang='lat' dir='ltr'><strong>An</strong></span> <span class='ocrx_word' id='word_1_210' title='bbox 605 2581 663 2614; x_wconf 80' lang='lat' dir='ltr'><strong>een-</strong></span> 
     </span>
     <span class='ocr_line' id='line_1_26' title="bbox 157 2631 663 2698; baseline 0.008 -20"><span class='ocrx_word' id='word_1_211' title='bbox 157 2647 213 2693; x_wconf 87' lang='lat' dir='ltr'><strong>ses,</strong></span> <span class='ocrx_word' id='word_1_212' title='bbox 234 2636 382 2681; x_wconf 73' lang='lat' dir='ltr'><strong>instantes</strong></span> <span class='ocrx_word' id='word_1_213' title='bbox 402 2631 509 2681; x_wconf 82' lang='lat' dir='ltr'><strong>labores</strong></span> <span class='ocrx_word' id='word_1_214' title='bbox 522 2639 663 2698; x_wconf 72' lang='lat' dir='ltr'><strong>susceptu-</strong></span> 
     </span>
     <span class='ocr_line' id='line_1_27' title="bbox 157 2700 664 2764; baseline 0.006 -17"><span class='ocrx_word' id='word_1_215' title='bbox 157 2714 218 2748; x_wconf 81' lang='lat' dir='ltr'><strong>rum</strong></span> <span class='ocrx_word' id='word_1_216' title='bbox 229 2700 336 2764; x_wconf 76' lang='lat' dir='ltr'><strong>sitisse,</strong></span> <span class='ocrx_word' id='word_1_217' title='bbox 356 2703 381 2748; x_wconf 84' lang='lat' dir='ltr'><strong>sz&#39;</strong></span> <span class='ocrx_word' id='word_1_218' title='bbox 392 2727 426 2737; x_wconf 92' lang='lat'>-</span> <span class='ocrx_word' id='word_1_219' title='bbox 439 2715 521 2749; x_wconf 86' lang='lat' dir='ltr'><strong>essem</strong></span> <span class='ocrx_word' id='word_1_220' title='bbox 536 2705 664 2750; x_wconf 78' lang='lat' dir='ltr'><strong>termina-</strong></span> 
     </span>
     <span class='ocr_line' id='line_1_28' title="bbox 158 2765 664 2819; baseline 0.004 -3"><span class='ocrx_word' id='word_1_221' title='bbox 158 2771 246 2816; x_wconf 81' lang='lat' dir='ltr'><strong>turus.</strong></span> <span class='ocrx_word' id='word_1_222' title='bbox 272 2765 298 2814; x_wconf 93' lang='lat' dir='ltr'><strong>lu</strong></span> <span class='ocrx_word' id='word_1_223' title='bbox 312 2768 423 2817; x_wconf 88' lang='lat' dir='ltr'><strong>directer</strong></span> <span class='ocrx_word' id='word_1_224' title='bbox 436 2767 504 2818; x_wconf 82' lang='lat' dir='ltr'><strong>llede</strong></span> <span class='ocrx_word' id='word_1_225' title='bbox 518 2770 604 2819; x_wconf 84' lang='lat' dir='ltr'><strong>wiirde</strong></span> <span class='ocrx_word' id='word_1_226' title='bbox 617 2786 664 2818; x_wconf 92' lang='lat' dir='ltr'><strong>un-</strong></span> 
     </span>
     <span class='ocr_line' id='line_1_29' title="bbox 157 2833 662 2895; baseline 0.008 -12"><span class='ocrx_word' id='word_1_227' title='bbox 157 2850 214 2884; x_wconf 87' lang='lat' dir='ltr'><strong>sere</strong></span> <span class='ocrx_word' id='word_1_228' title='bbox 228 2833 307 2882; x_wconf 87' lang='lat' dir='ltr'><strong>Stelle</strong></span> <span class='ocrx_word' id='word_1_229' title='bbox 327 2836 459 2895; x_wconf 82' lang='lat' dir='ltr'><strong>geheissen</strong></span> <span class='ocrx_word' id='word_1_230' title='bbox 478 2837 574 2886; x_wconf 84' lang='lat' dir='ltr'><strong>haben:</strong></span> <span class='ocrx_word' id='word_1_231' title='bbox 599 2837 662 2888; x_wconf 78' lang='lat' dir='ltr'><strong>Non</strong></span> 
     </span>
     <span class='ocr_line' id='line_1_30' title="bbox 158 2903 663 2955; baseline 0.006 -4"><span class='ocrx_word' id='word_1_232' title='bbox 158 2903 345 2951; x_wconf 79' lang='lat' dir='ltr'><strong>sonabantur.</strong></span> <span class='ocrx_word' id='word_1_233' title='bbox 363 2937 368 2949; x_wconf 93' lang='lat'>.</span> <span class='ocrx_word' id='word_1_234' title='bbox 384 2906 663 2955; x_wconf 51' lang='lat' dir='ltr'><strong>nisscernerene.1l)er</strong></span> 
     </span>
     <span class='ocr_line' id='line_1_31' title="bbox 157 2969 663 3031; baseline 0.004 -12"><span class='ocrx_word' id='word_1_235' title='bbox 157 2969 293 3019; x_wconf 83' lang='lat' dir='ltr'><strong>Ausdruek</strong></span> <span class='ocrx_word' id='word_1_236' title='bbox 308 2969 419 3031; x_wconf 84' lang='lat' dir='ltr'><strong>gewinnt</strong></span> <span class='ocrx_word' id='word_1_237' title='bbox 440 2969 552 3019; x_wconf 87' lang='lat' dir='ltr'><strong>daduroh</strong></span> <span class='ocrx_word' id='word_1_238' title='bbox 567 2987 598 3020; x_wconf 85' lang='lat' dir='ltr'><strong>au</strong></span> <span class='ocrx_word' id='word_1_239' title='bbox 614 2971 663 3021; x_wconf 88' lang='lat' dir='ltr'><strong>Le-</strong></span> 
     </span>
     <span class='ocr_line' id='line_1_32' title="bbox 159 3035 664 3100; baseline 0.002 -13"><span class='ocrx_word' id='word_1_240' title='bbox 159 3037 306 3100; x_wconf 77' lang='lat' dir='ltr'><strong>bendiglreit</strong></span> <span class='ocrx_word' id='word_1_241' title='bbox 318 3037 367 3085; x_wconf 90' lang='lat' dir='ltr'><strong>und</strong></span> <span class='ocrx_word' id='word_1_242' title='bbox 377 3035 612 3100; x_wconf 77' lang='lat' dir='ltr'><strong>Ansehauliohlreit,</strong></span> <span class='ocrx_word' id='word_1_243' title='bbox 627 3040 664 3089; x_wconf 90' lang='lat' dir='ltr'><strong>in-</strong></span> 
     </span>
     <span class='ocr_line' id='line_1_33' title="bbox 158 3102 665 3170; baseline 0.002 -15"><span class='ocrx_word' id='word_1_244' title='bbox 158 3107 214 3156; x_wconf 90' lang='lat' dir='ltr'><strong>dem</strong></span> <span class='ocrx_word' id='word_1_245' title='bbox 224 3107 294 3156; x_wconf 88' lang='lat' dir='ltr'><strong>eines</strong></span> <span class='ocrx_word' id='word_1_246' title='bbox 303 3102 390 3155; x_wconf 89' lang='lat' dir='ltr'><strong>Theils</strong></span> <span class='ocrx_word' id='word_1_247' title='bbox 402 3105 440 3154; x_wconf 83' lang='lat' dir='ltr'><strong>els</strong></span> <span class='ocrx_word' id='word_1_248' title='bbox 449 3104 565 3154; x_wconf 88' lang='lat' dir='ltr'><strong>wirklioh</strong></span> <span class='ocrx_word' id='word_1_249' title='bbox 574 3107 665 3170; x_wconf 78' lang='lat' dir='ltr'><strong>darge-</strong></span> 
     </span>
     <span class='ocr_line' id='line_1_34' title="bbox 158 3172 666 3234; baseline 0 -10"><span class='ocrx_word' id='word_1_250' title='bbox 158 3172 666 3234; x_wconf 77' lang='lat' dir='ltr'><strong>stelltwird,wesnurunterlrestimmten</strong></span> 
     </span>
     <span class='ocr_line' id='line_1_35' title="bbox 159 3241 665 3306; baseline -0.002 -15"><span class='ocrx_word' id='word_1_251' title='bbox 159 3243 340 3306; x_wconf 78' lang='lat' dir='ltr'><strong>Bediuguugen</strong></span> <span class='ocrx_word' id='word_1_252' title='bbox 360 3241 503 3293; x_wconf 86' lang='lat' dir='ltr'><strong>eintretend</strong></span> <span class='ocrx_word' id='word_1_253' title='bbox 515 3242 665 3306; x_wconf 80' lang='lat' dir='ltr'><strong>dargestellt</strong></span> 
     </span>
     <span class='ocr_line' id='line_1_36' title="bbox 158 3310 665 3373; baseline 0.002 -14"><span class='ocrx_word' id='word_1_254' title='bbox 158 3311 262 3361; x_wconf 88' lang='lat' dir='ltr'><strong>werden</strong></span> <span class='ocrx_word' id='word_1_255' title='bbox 276 3311 360 3373; x_wconf 86' lang='lat' dir='ltr'><strong>sollte,</strong></span> <span class='ocrx_word' id='word_1_256' title='bbox 375 3311 470 3360; x_wconf 86' lang='lat' dir='ltr'><strong>andern</strong></span> <span class='ocrx_word' id='word_1_257' title='bbox 484 3310 573 3361; x_wconf 86' lang='lat' dir='ltr'><strong>Theils</strong></span> <span class='ocrx_word' id='word_1_258' title='bbox 586 3311 665 3360; x_wconf 87' lang='lat' dir='ltr'><strong>durch</strong></span> 
     </span>
     <span class='ocr_line' id='line_1_37' title="bbox 159 3378 666 3444; baseline 0 -16"><span class='ocrx_word' id='word_1_259' title='bbox 159 3381 205 3429; x_wconf 87' lang='lat' dir='ltr'><strong>das</strong></span> <span class='ocrx_word' id='word_1_260' title='bbox 219 3378 396 3444; x_wconf 84' lang='lat' dir='ltr'><strong>lmperleotum</strong></span> <span class='ocrx_word' id='word_1_261' title='bbox 409 3379 433 3426; x_wconf 91' lang='lat' dir='ltr'><strong>in</strong></span> <span class='ocrx_word' id='word_1_262' title='bbox 447 3379 494 3428; x_wconf 87' lang='lat' dir='ltr'><strong>der</strong></span> <span class='ocrx_word' id='word_1_263' title='bbox 502 3378 666 3444; x_wconf 74' lang='lat' dir='ltr'><strong>Vorgangen-</strong></span> 
     </span>
     <span class='ocr_line' id='line_1_38' title="bbox 159 3446 667 3498; baseline -0.002 -1"><span class='ocrx_word' id='word_1_264' title='bbox 159 3449 214 3498; x_wconf 89' lang='lat' dir='ltr'><strong>heit</strong></span> <span class='ocrx_word' id='word_1_265' title='bbox 248 3446 481 3498; x_wconf 85' lang='lat' dir='ltr'><strong>fortdauernd</strong></span> <span class='ocrx_word' id='word_1_266' title='bbox 517 3448 667 3498; x_wconf 80' lang='lat' dir='ltr'><strong>bezeichnet</strong></span> 
     </span>
     <span class='ocr_line' id='line_1_39' title="bbox 158 3513 666 3581; baseline 0 -15"><span class='ocrx_word' id='word_1_267' title='bbox 158 3513 666 3581; x_wconf 79' lang='lat' dir='ltr'><strong>wird,wasderbereitsabgeselrlos·</strong></span> 
     </span>
     <span class='ocr_line' id='line_1_40' title="bbox 160 3582 663 3647; baseline 0 -13"><span class='ocrx_word' id='word_1_268' title='bbox 160 3601 263 3636; x_wconf 86' lang='lat' dir='ltr'><strong>senen</strong></span> <span class='ocrx_word' id='word_1_269' title='bbox 294 3582 501 3646; x_wconf 81' lang='lat' dir='ltr'><strong>Vorgangeuheit</strong></span> <span class='ocrx_word' id='word_1_270' title='bbox 532 3586 663 3647; x_wconf 80' lang='lat' dir='ltr'><strong>angehlirt.</strong></span> 
     </span>
     <span class='ocr_line' id='line_1_41' title="bbox 160 3651 665 3719; baseline 0.002 -17"><span class='ocrx_word' id='word_1_271' title='bbox 160 3653 280 3719; x_wconf 74' lang='lat' dir='ltr'><strong>Htiuliger</strong></span> <span class='ocrx_word' id='word_1_272' title='bbox 298 3652 336 3701; x_wconf 88' lang='lat' dir='ltr'><strong>als</strong></span> <span class='ocrx_word' id='word_1_273' title='bbox 356 3651 396 3701; x_wconf 86' lang='lat' dir='ltr'><strong>bei</strong></span> <span class='ocrx_word' id='word_1_274' title='bbox 410 3651 500 3700; x_wconf 82' lang='lat' dir='ltr'><strong>Cicero</strong></span> <span class='ocrx_word' id='word_1_275' title='bbox 520 3651 599 3702; x_wconf 82' lang='lat' dir='ltr'><strong>findet</strong></span> <span class='ocrx_word' id='word_1_276' title='bbox 612 3653 665 3703; x_wconf 81' lang='lat' dir='ltr'><strong>siolr</strong></span> 
     </span>
    </p>
   </div>
   <div class='ocr_carea' id='block_1_5' title="bbox 79 3719 667 3787">
    <p class='ocr_par' dir='ltr' id='par_1_5' title="bbox 79 3719 667 3787">
     <span class='ocr_line' id='line_1_42' title="bbox 79 3719 667 3787; baseline 0.002 -17"><span class='ocrx_word' id='word_1_277' title='bbox 79 3750 82 3755; x_wconf 92' lang='lat'>·</span> <span class='ocrx_word' id='word_1_278' title='bbox 160 3723 230 3772; x_wconf 87' lang='lat' dir='ltr'><strong>diese</strong></span> <span class='ocrx_word' id='word_1_279' title='bbox 254 3719 451 3782; x_wconf 79' lang='lat' dir='ltr'><strong>Vertauschung</strong></span> <span class='ocrx_word' id='word_1_280' title='bbox 475 3719 520 3769; x_wconf 91' lang='lat' dir='ltr'><strong>der</strong></span> <span class='ocrx_word' id='word_1_281' title='bbox 543 3719 667 3787; x_wconf 85' lang='lat' dir='ltr'><strong>Tempora</strong></span> 
     </span>
    </p>
   </div>
   <div class='ocr_carea' id='block_1_6' title="bbox 161 3787 448 3840">
    <p class='ocr_par' dir='ltr' id='par_1_6' title="bbox 161 3787 448 3840">
     <span class='ocr_line' id='line_1_43' title="bbox 161 3787 448 3840; baseline -0.007 0"><span class='ocrx_word' id='word_1_282' title='bbox 161 3790 202 3840; x_wconf 82' lang='lat' dir='ltr'><strong>bei</strong></span> <span class='ocrx_word' id='word_1_283' title='bbox 216 3791 263 3840; x_wconf 91' lang='lat' dir='ltr'><strong>den</strong></span> <span class='ocrx_word' id='word_1_284' title='bbox 278 3787 448 3838; x_wconf 80' lang='lat' dir='ltr'><strong>ilistorilreru.</strong></span> 
     </span>
    </p>
   </div>
   <div class='ocr_carea' id='block_1_7' title="bbox 162 3876 668 4075">
    <p class='ocr_par' dir='ltr' id='par_1_7' title="bbox 162 3876 668 4075">
     <span class='ocr_line' id='line_1_44' title="bbox 194 3876 664 3939; baseline 0 -15"><span class='ocrx_word' id='word_1_285' title='bbox 194 3877 386 3938; x_wconf 78' lang='lat' dir='ltr'><strong>posteritatem</strong></span> <span class='ocrx_word' id='word_1_286' title='bbox 409 3876 492 3924; x_wconf 86' lang='lat' dir='ltr'><strong>adse</strong></span> <span class='ocrx_word' id='word_1_287' title='bbox 515 3877 664 3939; x_wconf 82' lang='lat' dir='ltr'><strong>pertinere,</strong></span> 
     </span>
     <span class='ocr_line' id='line_1_45' title="bbox 162 3940 668 4006; baseline 0.002 -14"><span class='ocrx_word' id='word_1_288' title='bbox 162 3944 221 3992; x_wconf 88' lang='lat' dir='ltr'><strong>dass</strong></span> <span class='ocrx_word' id='word_1_289' title='bbox 247 3942 287 3991; x_wconf 91' lang='lat' dir='ltr'><strong>die</strong></span> <span class='ocrx_word' id='word_1_290' title='bbox 312 3940 446 3992; x_wconf 86' lang='lat' dir='ltr'><strong>Naohwelt</strong></span> <span class='ocrx_word' id='word_1_291' title='bbox 466 3944 612 4006; x_wconf 78' lang='lat' dir='ltr'><strong>Boziehong</strong></span> <span class='ocrx_word' id='word_1_292' title='bbox 636 3961 668 3993; x_wconf 87' lang='lat' dir='ltr'><strong>zo</strong></span> 
     </span>
     <span class='ocr_line' id='line_1_46' title="bbox 162 4009 668 4075; baseline 0.006 -16"><span class='ocrx_word' id='word_1_293' title='bbox 162 4012 238 4062; x_wconf 84' lang='lat' dir='ltr'><strong>ilrnen</strong></span> <span class='ocrx_word' id='word_1_294' title='bbox 258 4009 334 4075; x_wconf 84' lang='lat' dir='ltr'><strong>habe,</strong></span> <span class='ocrx_word' id='word_1_295' title='bbox 359 4011 405 4060; x_wconf 89' lang='lat' dir='ltr'><strong>mit</strong></span> <span class='ocrx_word' id='word_1_296' title='bbox 428 4011 502 4062; x_wconf 87' lang='lat' dir='ltr'><strong>ihuen</strong></span> <span class='ocrx_word' id='word_1_297' title='bbox 523 4012 548 4060; x_wconf 93' lang='lat' dir='ltr'><strong>in</strong></span> <span class='ocrx_word' id='word_1_298' title='bbox 561 4010 668 4062; x_wconf 87' lang='lat' dir='ltr'><strong>Verbin-</strong></span> 
     </span>
    </p>
   </div>
   <div class='ocr_carea' id='block_1_8' title="bbox 713 2423 1229 3975">
    <p class='ocr_par' dir='ltr' id='par_1_8' title="bbox 714 2423 1221 2628">
     <span class='ocr_line' id='line_1_47' title="bbox 714 2423 1221 2489; baseline -0.008 -13"><span class='ocrx_word' id='word_1_299' title='bbox 714 2428 782 2489; x_wconf 80' lang='lat' dir='ltr'><strong>dung</strong></span> <span class='ocrx_word' id='word_1_300' title='bbox 794 2425 877 2476; x_wconf 80' lang='lat' dir='ltr'><strong>stelle.</strong></span> <span class='ocrx_word' id='word_1_301' title='bbox 901 2424 1023 2475; x_wconf 79' lang='lat' dir='ltr'><strong>Aehullolr</strong></span> <span class='ocrx_word' id='word_1_302' title='bbox 1038 2424 1070 2475; x_wconf 88' lang='lat' dir='ltr'><strong>im</strong></span> <span class='ocrx_word' id='word_1_303' title='bbox 1084 2423 1221 2473; x_wconf 82' lang='lat' dir='ltr'><strong>Fronztlsi-</strong></span> 
     </span>
     <span class='ocr_line' id='line_1_48' title="bbox 714 2490 1221 2558; baseline -0.008 -14"><span class='ocrx_word' id='word_1_304' title='bbox 714 2495 790 2544; x_wconf 85' lang='lat' dir='ltr'><strong>sehen</strong></span> <span class='ocrx_word' id='word_1_305' title='bbox 806 2498 879 2543; x_wconf 80' lang='lat' dir='ltr'><strong>tenir</strong></span> <span class='ocrx_word' id='word_1_306' title='bbox 898 2492 1013 2556; x_wconf 82' lang='lat' dir='ltr'><strong>(tenere)</strong></span> <span class='ocrx_word' id='word_1_307' title='bbox 1034 2490 1050 2541; x_wconf 84' lang='lat' dir='ltr'><strong>d</strong></span> <span class='ocrx_word' id='word_1_308' title='bbox 1068 2492 1127 2556; x_wconf 86' lang='lat' dir='ltr'><strong>(ad)</strong></span> <span class='ocrx_word' id='word_1_309' title='bbox 1148 2493 1221 2558; x_wconf 77' lang='lat' dir='ltr'><strong>quel·</strong></span> 
     </span>
     <span class='ocr_line' id='line_1_49' title="bbox 715 2560 1010 2628; baseline -0.01 -16"><span class='ocrx_word' id='word_1_310' title='bbox 715 2563 856 2628; x_wconf 71' lang='lat' dir='ltr'><strong>questuosa</strong></span> <span class='ocrx_word' id='word_1_311' title='bbox 873 2560 1010 2626; x_wconf 77' lang='lat' dir='ltr'><strong>(ottqm‘d).</strong></span> 
     </span>
    </p>

    <p class='ocr_par' dir='ltr' id='par_1_9' title="bbox 713 2629 1222 2886">
     <span class='ocr_line' id='line_1_50' title="bbox 748 2629 1222 2691; baseline -0.004 -11"><span class='ocrx_word' id='word_1_312' title='bbox 748 2633 774 2680; x_wconf 82' lang='lat' dir='ltr'><strong>st</strong></span> <span class='ocrx_word' id='word_1_313' title='bbox 791 2629 888 2679; x_wconf 80' lang='lat' dir='ltr'><strong>iisdem</strong></span> <span class='ocrx_word' id='word_1_314' title='bbox 897 2629 1005 2691; x_wconf 83' lang='lat' dir='ltr'><strong>finibus</strong></span> <span class='ocrx_word' id='word_1_315' title='bbox 1018 2654 1051 2664; x_wconf 89' lang='lat'><strong>—</strong></span> <span class='ocrx_word' id='word_1_316' title='bbox 1072 2643 1152 2677; x_wconf 79' lang='lat' dir='ltr'><strong>esseni</strong></span> <span class='ocrx_word' id='word_1_317' title='bbox 1170 2632 1222 2678; x_wconf 76' lang='lat' dir='ltr'><strong>lot·-</strong></span> 
     </span>
     <span class='ocr_line' id='line_1_51' title="bbox 713 2695 1222 2759; baseline -0.006 -10"><span class='ocrx_word' id='word_1_318' title='bbox 713 2703 886 2759; x_wconf 81' lang='lat' dir='ltr'><strong>minaturus,</strong></span> <span class='ocrx_word' id='word_1_319' title='bbox 907 2712 980 2746; x_wconf 88' lang='lat' dir='ltr'><strong>weun</strong></span> <span class='ocrx_word' id='word_1_320' title='bbox 999 2697 1065 2746; x_wconf 88' lang='lat' dir='ltr'><strong>mein</strong></span> <span class='ocrx_word' id='word_1_321' title='bbox 1083 2695 1163 2746; x_wconf 87' lang='lat' dir='ltr'><strong>llnhrn</strong></span> <span class='ocrx_word' id='word_1_322' title='bbox 1177 2713 1222 2747; x_wconf 87' lang='lat' dir='ltr'><strong>zu-</strong></span> 
     </span>
     <span class='ocr_line' id='line_1_52' title="bbox 714 2764 1221 2832; baseline -0.002 -16"><span class='ocrx_word' id='word_1_323' title='bbox 714 2767 796 2832; x_wconf 81' lang='lat' dir='ltr'><strong>gleioh</strong></span> <span class='ocrx_word' id='word_1_324' title='bbox 818 2767 864 2816; x_wconf 90' lang='lat' dir='ltr'><strong>mit</strong></span> <span class='ocrx_word' id='word_1_325' title='bbox 876 2764 984 2815; x_wconf 88' lang='lat' dir='ltr'><strong>meinom</strong></span> <span class='ocrx_word' id='word_1_326' title='bbox 997 2764 1082 2815; x_wconf 84' lang='lat' dir='ltr'><strong>Leben</strong></span> <span class='ocrx_word' id='word_1_327' title='bbox 1096 2766 1136 2815; x_wconf 90' lang='lat' dir='ltr'><strong>oin</strong></span> <span class='ocrx_word' id='word_1_328' title='bbox 1151 2764 1221 2815; x_wconf 81' lang='lat' dir='ltr'><strong>Eride</strong></span> 
     </span>
     <span class='ocr_line' id='line_1_53' title="bbox 714 2837 795 2886; baseline -0.025 -1"><span class='ocrx_word' id='word_1_329' title='bbox 714 2837 795 2886; x_wconf 82' lang='lat' dir='ltr'><strong>lilitte.</strong></span> 
     </span>
    </p>

    <p class='ocr_par' dir='ltr' id='par_1_10' title="bbox 714 2900 1225 3224">
     <span class='ocr_line' id='line_1_54' title="bbox 749 2900 1225 2969; baseline -0.006 -15"><span class='ocrx_word' id='word_1_330' title='bbox 749 2907 837 2954; x_wconf 81' lang='lat' dir='ltr'><strong>roseto</strong></span> <span class='ocrx_word' id='word_1_331' title='bbox 851 2902 993 2969; x_wconf 80' lang='lat' dir='ltr'><strong>quomodo,</strong></span> <span class='ocrx_word' id='word_1_332' title='bbox 1009 2903 1034 2951; x_wconf 92' lang='lat' dir='ltr'><strong>in</strong></span> <span class='ocrx_word' id='word_1_333' title='bbox 1044 2903 1116 2952; x_wconf 86' lang='lat' dir='ltr'><strong>elnon</strong></span> <span class='ocrx_word' id='word_1_334' title='bbox 1128 2900 1225 2965; x_wconf 77' lang='lat' dir='ltr'><strong>Bogrill</strong></span> 
     </span>
     <span class='ocr_line' id='line_1_55' title="bbox 714 2970 1223 3035; baseline -0.01 -11"><span class='ocrx_word' id='word_1_335' title='bbox 714 2972 925 3035; x_wconf 86' lang='lat' dir='ltr'><strong>versolunolzeu,</strong></span> <span class='ocrx_word' id='word_1_336' title='bbox 942 2970 1011 3033; x_wconf 74' lang='lat' dir='ltr'><strong>„aul</strong></span> <span class='ocrx_word' id='word_1_337' title='bbox 1020 2970 1223 3034; x_wconf 72' lang='lat' dir='ltr'><strong>unbegroifliclo</strong></span> 
     </span>
     <span class='ocr_line' id='line_1_56' title="bbox 716 3038 1224 3104; baseline -0.012 -13"><span class='ocrx_word' id='word_1_338' title='bbox 716 3040 837 3102; x_wconf 86' lang='lat' dir='ltr'><strong>Weise,“</strong></span> <span class='ocrx_word' id='word_1_339' title='bbox 860 3039 1142 3104; x_wconf 79' lang='lat' dir='ltr'><strong>„gewissermossen“;</strong></span> <span class='ocrx_word' id='word_1_340' title='bbox 1166 3038 1224 3086; x_wconf 88' lang='lat' dir='ltr'><strong>des-</strong></span> 
     </span>
     <span class='ocr_line' id='line_1_57' title="bbox 717 3104 1224 3158; baseline -0.008 0"><span class='ocrx_word' id='word_1_341' title='bbox 717 3108 775 3158; x_wconf 86' lang='lat' dir='ltr'><strong>halb</strong></span> <span class='ocrx_word' id='word_1_342' title='bbox 785 3109 848 3156; x_wconf 86' lang='lat' dir='ltr'><strong>ohne</strong></span> <span class='ocrx_word' id='word_1_343' title='bbox 857 3107 968 3154; x_wconf 82' lang='lat' dir='ltr'><strong>llinlluss</strong></span> <span class='ocrx_word' id='word_1_344' title='bbox 982 3105 1073 3155; x_wconf 81' lang='lat' dir='ltr'><strong>unldie</strong></span> <span class='ocrx_word' id='word_1_345' title='bbox 1083 3104 1224 3154; x_wconf 82' lang='lat' dir='ltr'><strong>Construc-</strong></span> 
     </span>
     <span class='ocr_line' id='line_1_58' title="bbox 716 3176 780 3224; baseline -0.016 0"><span class='ocrx_word' id='word_1_346' title='bbox 716 3176 780 3224; x_wconf 84' lang='lat' dir='ltr'><strong>tion.</strong></span> 
     </span>
    </p>

    <p class='ocr_par' dir='ltr' id='par_1_11' title="bbox 718 3242 1227 3442">
     <span class='ocr_line' id='line_1_59' title="bbox 752 3242 1227 3306; baseline 0.004 -17"><span class='ocrx_word' id='word_1_347' title='bbox 752 3256 836 3306; x_wconf 68' lang='lat' dir='ltr'><strong>qaeum</strong></span> <span class='ocrx_word' id='word_1_348' title='bbox 850 3244 1010 3291; x_wconf 75' lang='lat' dir='ltr'><strong>eoeoesrtsset</strong></span> <span class='ocrx_word' id='word_1_349' title='bbox 1022 3258 1035 3290; x_wconf 88' lang='lat' dir='ltr'><strong>e</strong></span> <span class='ocrx_word' id='word_1_350' title='bbox 1047 3244 1120 3304; x_wconf 84' lang='lat' dir='ltr'><strong>otta,</strong></span> <span class='ocrx_word' id='word_1_351' title='bbox 1135 3257 1167 3291; x_wconf 91' lang='lat' dir='ltr'><strong>zu</strong></span> <span class='ocrx_word' id='word_1_352' title='bbox 1181 3242 1227 3291; x_wconf 89' lang='lat' dir='ltr'><strong>dor</strong></span> 
     </span>
     <span class='ocr_line' id='line_1_60' title="bbox 718 3308 1225 3376; baseline 0.004 -17"><span class='ocrx_word' id='word_1_353' title='bbox 718 3309 785 3373; x_wconf 83' lang='lat' dir='ltr'><strong>Zeit,</strong></span> <span class='ocrx_word' id='word_1_354' title='bbox 799 3325 854 3357; x_wconf 55' lang='lat' dir='ltr'><strong>nro.</strong></span> <span class='ocrx_word' id='word_1_355' title='bbox 868 3345 873 3358; x_wconf 93' lang='lat'><strong><em>.</em></strong></span> <span class='ocrx_word' id='word_1_356' title='bbox 885 3345 891 3357; x_wconf 85' lang='lat'><strong>.</strong></span> <span class='ocrx_word' id='word_1_357' title='bbox 905 3309 958 3371; x_wconf 82' lang='lat' dir='ltr'><strong>vgl.</strong></span> <span class='ocrx_word' id='word_1_358' title='bbox 972 3324 994 3358; x_wconf 86' lang='lat' dir='ltr'><strong>o.</strong></span> <span class='ocrx_word' id='word_1_359' title='bbox 1010 3308 1040 3372; x_wconf 85' lang='lat'><strong>2,</strong></span> <span class='ocrx_word' id='word_1_360' title='bbox 1056 3309 1079 3372; x_wconf 70' lang='grc' dir='ltr'><strong>ξ.</strong></span> <span class='ocrx_word' id='word_1_361' title='bbox 1093 3311 1126 3358; x_wconf 83' lang='lat' dir='ltr'><strong>l:</strong></span> <span class='ocrx_word' id='word_1_362' title='bbox 1142 3325 1225 3376; x_wconf 78' lang='lat' dir='ltr'><strong>quum</strong></span> 
     </span>
     <span class='ocr_line' id='line_1_61' title="bbox 719 3376 878 3442; baseline 0.013 -17"><span class='ocrx_word' id='word_1_363' title='bbox 719 3376 878 3442; x_wconf 67' lang='lat' dir='ltr'><strong>efflumsset.</strong></span> 
     </span>
    </p>

    <p class='ocr_par' dir='ltr' id='par_1_12' title="bbox 718 3444 1229 3648">
     <span class='ocr_line' id='line_1_62' title="bbox 753 3444 1228 3511; baseline 0.002 -16"><span class='ocrx_word' id='word_1_364' title='bbox 753 3446 795 3496; x_wconf 78' lang='grc'><strong>83.</strong></span> <span class='ocrx_word' id='word_1_365' title='bbox 816 3462 861 3495; x_wconf 83' lang='lat' dir='ltr'><strong>an.</strong></span> <span class='ocrx_word' id='word_1_366' title='bbox 881 3449 1065 3510; x_wconf 83' lang='lat' dir='ltr'><strong>tntqm&#39;sstmo,</strong></span> <span class='ocrx_word' id='word_1_367' title='bbox 1092 3447 1158 3511; x_wconf 90' lang='lat' dir='ltr'><strong>„rnit</strong></span> <span class='ocrx_word' id='word_1_368' title='bbox 1177 3444 1228 3496; x_wconf 91' lang='lat' dir='ltr'><strong>Un-</strong></span> 
     </span>
     <span class='ocr_line' id='line_1_63' title="bbox 718 3512 1229 3581; baseline -0.002 -16"><span class='ocrx_word' id='word_1_369' title='bbox 718 3515 827 3578; x_wconf 82' lang='lat' dir='ltr'><strong>moth,“</strong></span> <span class='ocrx_word' id='word_1_370' title='bbox 849 3512 993 3578; x_wconf 77' lang='lat' dir='ltr'><strong>Gegensotz</strong></span> <span class='ocrx_word' id='word_1_371' title='bbox 1007 3531 1038 3565; x_wconf 88' lang='lat' dir='ltr'><strong>zu</strong></span> <span class='ocrx_word' id='word_1_372' title='bbox 1057 3531 1083 3567; x_wconf 87' lang='lat' dir='ltr'><strong>a.</strong></span> <span class='ocrx_word' id='word_1_373' title='bbox 1099 3518 1229 3581; x_wconf 76' lang='lat' dir='ltr'><strong>aequissi-</strong></span> 
     </span>
     <span class='ocr_line' id='line_1_64' title="bbox 718 3583 1070 3648; baseline -0.006 -13"><span class='ocrx_word' id='word_1_374' title='bbox 718 3600 780 3647; x_wconf 85' lang='lat' dir='ltr'><strong>mo,</strong></span> <span class='ocrx_word' id='word_1_375' title='bbox 796 3583 864 3648; x_wconf 81' lang='lat' dir='ltr'><strong>„mit</strong></span> <span class='ocrx_word' id='word_1_376' title='bbox 877 3583 1070 3634; x_wconf 85' lang='lat' dir='ltr'><strong>Gleiohmuth.“</strong></span> 
     </span>
    </p>

    <p class='ocr_par' dir='ltr' id='par_1_13' title="bbox 721 3652 1226 3786">
     <span class='ocr_line' id='line_1_65' title="bbox 754 3652 1226 3716; baseline -0.004 -14"><span class='ocrx_word' id='word_1_377' title='bbox 754 3652 791 3702; x_wconf 84' lang='lat' dir='ltr'><strong>ad</strong></span> <span class='ocrx_word' id='word_1_378' title='bbox 807 3653 940 3716; x_wconf 81' lang='lat' dir='ltr'><strong>meliora,</strong></span> <span class='ocrx_word' id='word_1_379' title='bbox 967 3652 991 3702; x_wconf 89' lang='lat' dir='ltr'><strong>in</strong></span> <span class='ocrx_word' id='word_1_380' title='bbox 1013 3653 1085 3703; x_wconf 86' lang='lat' dir='ltr'><strong>einen</strong></span> <span class='ocrx_word' id='word_1_381' title='bbox 1106 3653 1226 3702; x_wconf 80' lang='lat' dir='ltr'><strong>berseres</strong></span> 
     </span>
     <span class='ocr_line' id='line_1_66' title="bbox 721 3718 1173 3786; baseline -0.004 -15"><span class='ocrx_word' id='word_1_382' title='bbox 721 3720 852 3786; x_wconf 86' lang='lat' dir='ltr'><strong>Zustaud,</strong></span> <span class='ocrx_word' id='word_1_383' title='bbox 866 3722 891 3771; x_wconf 91' lang='lat' dir='ltr'><strong>in</strong></span> <span class='ocrx_word' id='word_1_384' title='bbox 904 3721 962 3771; x_wconf 89' lang='lat' dir='ltr'><strong>elue</strong></span> <span class='ocrx_word' id='word_1_385' title='bbox 976 3722 1079 3771; x_wconf 84' lang='lat' dir='ltr'><strong>bessere</strong></span> <span class='ocrx_word' id='word_1_386' title='bbox 1093 3718 1173 3770; x_wconf 83' lang='lat' dir='ltr'><strong>Wolt.</strong></span> 
     </span>
    </p>

    <p class='ocr_par' dir='ltr' id='par_1_14' title="bbox 721 3788 1227 3975">
     <span class='ocr_line' id='line_1_67' title="bbox 755 3788 1227 3856; baseline -0.004 -17"><span class='ocrx_word' id='word_1_387' title='bbox 755 3793 852 3856; x_wconf 70' lang='lat' dir='ltr'><strong>effewr</strong></span> <span class='ocrx_word' id='word_1_388' title='bbox 863 3789 954 3840; x_wconf 78' lang='lat' dir='ltr'><strong>studio</strong></span> <span class='ocrx_word' id='word_1_389' title='bbox 971 3816 1006 3828; x_wconf 91' lang='lat'><em>-</em></span> <span class='ocrx_word' id='word_1_390' title='bbox 1024 3788 1149 3853; x_wconf 82' lang='lat' dir='ltr'><strong>videndi,</strong></span> <span class='ocrx_word' id='word_1_391' title='bbox 1165 3788 1227 3852; x_wconf 80' lang='lat' dir='ltr'><strong>„ioli</strong></span> 
     </span>
     <span class='ocr_line' id='line_1_68' title="bbox 721 3854 1227 3919; baseline 0.002 -13"><span class='ocrx_word' id='word_1_392' title='bbox 721 3856 791 3906; x_wconf 85' lang='lat' dir='ltr'><strong>l&#39;dhle</strong></span> <span class='ocrx_word' id='word_1_393' title='bbox 805 3857 869 3906; x_wconf 85' lang='lat' dir='ltr'><strong>mielr</strong></span> <span class='ocrx_word' id='word_1_394' title='bbox 884 3857 998 3919; x_wconf 77' lang='lat' dir='ltr'><strong>gelroben</strong></span> <span class='ocrx_word' id='word_1_395' title='bbox 1011 3857 1089 3906; x_wconf 82' lang='lat' dir='ltr'><strong>durch</strong></span> <span class='ocrx_word' id='word_1_396' title='bbox 1096 3857 1136 3907; x_wconf 91' lang='lat' dir='ltr'><strong>die</strong></span> <span class='ocrx_word' id='word_1_397' title='bbox 1145 3854 1227 3907; x_wconf 80' lang='lat' dir='ltr'><strong>Selin-</strong></span> 
     </span>
     <span class='ocr_line' id='line_1_69' title="bbox 723 3925 896 3975; baseline 0.006 -1"><span class='ocrx_word' id='word_1_398' title='bbox 723 3926 817 3975; x_wconf 82' lang='lat' dir='ltr'><strong>sucht.</strong></span> <span class='ocrx_word' id='word_1_399' title='bbox 835 3961 841 3973; x_wconf 85' lang='lat'><strong>.</strong></span> <span class='ocrx_word' id='word_1_400' title='bbox 859 3925 896 3973; x_wconf 89' lang='lat'><strong>.“</strong></span> 
     </span>
    </p>
   </div>
   <div class='ocr_carea' id='block_1_9' title="bbox 755 4010 1228 4076">
    <p class='ocr_par' dir='ltr' id='par_1_15' title="bbox 755 4010 1228 4076">
     <span class='ocr_line' id='line_1_70' title="bbox 755 4010 1228 4076; baseline 0.002 -16"><span class='ocrx_word' id='word_1_401' title='bbox 755 4014 812 4076; x_wconf 77' lang='lat' dir='ltr'><strong>ipse</strong></span> <span class='ocrx_word' id='word_1_402' title='bbox 824 4014 981 4076; x_wconf 76' lang='lat' dir='ltr'><strong>conscripsi,</strong></span> <span class='ocrx_word' id='word_1_403' title='bbox 996 4011 1021 4060; x_wconf 91' lang='lat' dir='ltr'><strong>iu</strong></span> <span class='ocrx_word' id='word_1_404' title='bbox 1035 4012 1083 4063; x_wconf 86' lang='lat' dir='ltr'><strong>dou</strong></span> <span class='ocrx_word' id='word_1_405' title='bbox 1099 4010 1228 4063; x_wconf 80' lang='lat' dir='ltr'><strong>Annales.</strong></span> 
     </span>
    </p>
   </div>
   <div class='ocr_carea' id='block_1_10' title="bbox 0 0 1344 4672">
    <p class='ocr_par' dir='ltr' id='par_1_16' title="bbox 0 0 1344 4672">
     <span class='ocr_line' id='line_1_71' title="bbox 0 0 1344 4672; baseline 0 0"><span class='ocrx_word' id='word_1_406' title='bbox 0 0 1344 4672; x_wconf 95' lang='lat' dir='ltr'><strong> </strong></span> 
     </span>
    </p>
   </div>
  </div>
 </body>
</html>
