2656 4672
287 371 289 379 ,
343 388 351 401 ,,
410 335 497 399 caro
511 334 627 389 uaros.
656 328 681 401 a·
695 314 807 387 ssa-sd
874 318 893 367 ³*
1095 323 1135 443 {ll

81 489 153 552 diati
169 499 250 552 sunt.
267 487 335 553 Non
350 484 431 557 enim
446 486 861 570 aurumtaberepreeclarem
878 486 1038 554 sibivideri
1047 486 1139 568 disil',
1154 502 1189 554 50

80 574 135 638 sed
149 573 200 651 iis,
218 573 268 656 qui
284 572 427 637 baberent
442 594 565 650 eurum,
581 575 740 656 imperare.
772 573 933 637 Poteratne
957 582 1058 639 tantm
1074 576 1138 638 eni

79 679 146 722 mus
161 680 222 737 non
238 659 353 723 efficere
374 659 533 723 iucundam
555 658 762 722 senectutem?
803 657 862 723 Sed
881 658 972 725 venio
996 658 1037 721 ad
1058 661 1138 742 agri·

80 742 172 819 colas,
184 763 227 805 ne
243 738 324 807 ame
338 743 405 827 ipso
419 745 568 808 recedam,
593 742 628 807 ln
643 743 724 827 agris
736 753 827 807 erant
843 753 904 807 tum
920 753 1091 824 senatores,
1108 745 1139 809 id

81 837 139 906 est,
163 836 272 906 ωιξες
297 827 441 910 siquidem
457 829 556 893 aranti
570 830 605 893 L.
625 828 763 908 Quinctio
780 828 956 894 Cincinnato
972 829 1138 895 nuntiatum

81 921 140 987 est,
157 930 225 981 sum
240 913 414 978 dictatorem
430 935 498 977 esse
512 915 621 977 lactum
636 939 646 994 3
676 913 760 977 cuius
776 913 930 979 dictatoris
945 913 1030 979 iussu
1044 915 1138 999 magi-

80 1005 145 1060 ster
163 998 299 1079 'equitum
321 998 356 1060 G.
375 997 520 1062 Servilius
542 998 637 1063 Ahala
651 997 703 1083 Sp.
719 998 880 1081 Maelium,
903 1018 1028 1082 regnunt
1050 1020 1139 1083 appe-

79 1091 205 1158 tentem,
223 1093 397 1166 ocoupetum
412 1084 575 1147 interemit.
599 1084 626 1147 Α
640 1084 759 1152 villain
773 1094 913 1155 senatum
930 1085 1139 1149 arcessebatur

30 1182 33 1187 ’
80 1177 110 1229 et
126 1165 232 1229 Curius
248 1179 279 1231 et
294 1169 387 1232 ceteri
402 1189 509 1248 senes,
528 1189 569 1232 ex
584 1191 654 1253 quo,
677 1169 727 1252 qui
742 1188 793 1232 eos
809 1168 1022 1243 arcessebant,
1037 1169 1138 1235 -uiato-
1233 1236 1238 1245 ,
1267 1188 1272 1197 ·

77 1271 129 1314 res
147 1252 291 1316 nominati
305 1252 387 1317 stunt.
399 1253 479 1316 Num
493 1255 586 1336 igitur
600 1255 705 1318 borum
721 1263 861 1321 sonemus
871 1253 1052 1317 miserabilis
1068 1255 1134 1330 fuit,

79 1335 130 1416 qui
153 1356 185 1422 se
206 1339 268 1418 agri
293 1338 423 1403 cultione
439 1338 649 1403 oblectabant?
674 1339 742 1402 Mea
757 1336 874 1419 quidem
890 1339 1039 1402 sententia
1061 1339 1138 1405 baud

40 1415 43 1425 '
80 1420 161 1497 scio,
187 1442 224 1483 an
240 1423 322 1486 nulla
336 1422 460 1485 beatio'r
473 1425 569 1506 possit
583 1444 670 1501 esse,
696 1443 792 1504 neque
807 1422 903 1485 solum
915 1423 1033 1499 efficio,
1059 1424 1137 1505 quod

77 1505 230 1568 bominum
252 1508 357 1589 generi
376 1507 520 1571 universo
537 1509 653 1572 cultura
674 1528 814 1590 agrorum
832 1517 878 1570 est
893 1506 1060 1582 auctario,
1085 1508 1138 1570 sed

77 1599 111 1652 et
125 1589 335 1668 delectatione,
353 1612 441 1674 quam
455 1593 532 1669 dixi,
551 1605 581 1656 et
595 1594 751 1656 saturitate
767 1590 912 1674 copiatund
924 1609 1025 1659 rorum
1043 1594 1139 1654 omui-

79 1695 148 1750 um,
166 1695 242 1757 quae
258 1677 294 1740 ad
309 1677 419 1749 victum
435 1676 599 1756 bominum,
623 1678 658 1742 ad
675 1677 786 1741 cultum
802 1675 892 1738 etiam
908 1674 1029 1738 deorum
1046 1678 1138 1758 perti-

79 1770 171 1836 nent,
197 1771 248 1839 ut,
275 1762 413 1844 quoniam
435 1763 508 1826 haec
530 1764 647 1844 quidem
665 1762 859 1837 desiderant,
888 1760 920 1823 in
935 1760 1063 1842 gretiam
1078 1761 1138 1824 iam

79 1862 144 1907 cum
159 1845 313 1928 voluptate
328 1847 496 1924 redeamus.
522 1847 646 1930 Semper
662 1847 739 1910 enim
756 1846 826 1909 boni
841 1845 1015 1926 assiduique
1026 1845 1138 1911 domiui

78 1929 190 1992 referto
204 1930 279 1994 cella
294 1932 428 2009 vinaria,
445 1932 576 2010 olearia,
594 1933 683 1996 etiem
699 1930 822 2015 penaria
838 1941 904 2007 est,
919 1929 1055 2011 ‚utaque
1071 1941 1135 1994 tota

78 2011 209 2096 locuples
227 2027 294 2094 cst,
320 2016 450 2083 abundat
461 2039 569 2099 porco,
586 2017 699 2092 haedo,
718 2012 961 2098 egum-galffla,
978 2014 1072 2093 lacte,
1091 2037 1139 2080 ca-

80 2118 150 2173 seo,
169 2098 268 2160 melle.
300 2099 362 2160 Iam
386 2100 504 2161 bortum
526 2101 582 2181 ipsi
599 2100 748 2181 agricolae
765 2099 925 2161 succidiam
941 2097 1065 2161 alteram
1088 2120 1138 2181 ap·

115 2314 131 2347 a
144 2315 186 2348 me
198 2303 271 2363 obeo,
290 2315 339 2349 von
352 2301 401 2349 mir
411 2301 506 2365 selbst,
526 2302 552 2351 d.
565 2301 584 2352 i.
671 2305 833 2364 occupatum
845 2305 992 2351 interemit.
1015 2299 1073 2364 „nr
1084 2299 1142 2350 kam

78 2381 128 2416 von
148 2367 194 2417 der
206 2368 254 2417 mir
273 2368 353 2418 selbot
373 2369 510 2433 gestellten
523 2368 587 2419 Aul·
637 2368 688 2418 ibm
700 2384 781 2418 zuvor
792 2369 843 2419 und
853 2370 950 2419 ttidtete
960 2369 1037 2418 ibn.“

81 2433 160 2498 8⁸5⁰>
174 2451 223 2484 V⁰11
236 2435 446 2511 melflffifflefl
459 2436 549 2488 Plane·
670 2457 789 2504 viatores
797 2492 805 2517 ,
837 2454 975 2516 eigentlieb
1001 2450 1141 2515 Reisende,

111 2519 144 2569 L.
162 2519 304 2584 Quinctius
319 2520 513 2587 Cideinnatos,
527 2537 585 2573 zum
636 2521 822 2586 iibergetragen
844 2520 893 2570 aul
914 2521 954 2570 die
978 2519 1073 2569 Diener
1097 2520 1143 2568 der

78 2585 195 2638 Dictator
207 2576 332 2652 gewdblt‘,
352 2605 393 2641 um
407 2590 462 2641 dem
474 2606 523 2642 von
537 2591 584 2640 den
635 2587 921 2655 Magistratspersoneu,
930 2593 1084 2652 sogennnnt,
1093 2586 1142 2636 wie

79 2653 197 2720 Aequora
222 2657 280 2707 bart
298 2657 464 2724 ‘bedrdugten
490 2658 585 2710 Consul
636 2658 665 2708 C.
679 2657 766 2719 meint,
780 2654 1080 2721 vondemWegedor'o),
1094 2656 1142 2705 den

79 2722 110 2772 L.
131 2721 257 2775 Minucius
275 2725 421 2788 Augurinus
438 2728 488 2778 458
507 2726 585 2777 tttilte
635 2727 673 2776 sie
686 2725 726 2775 bei
744 2726 817 2776 ibren
837 2725 1014 2787 bestellungan
1034 2723 1142 2774 zurlick-

78 2790 246 2854 zahringen,
268 2792 361 2843 belreit
373 2795 419 2845 das
431 2795 585 2859 umningelte
636 2794 742 2858 zulegen
764 2796 862 2844 hatten.

78 2857 155 2920 Heer,
171 2866 282 2908 entsetnt
293 2860 405 2912 ibnaber
417 2863 585 2916 seinerWiir-
670 2865 760 2912 nescio
768 2876 802 2912 on
810 2862 895 2925 noello,
908 2860 968 2924 „ich
975 2860 1051 2909 weiss
1061 2859 1141 2922 nicbt,

80 2926 121 2974 de.
136 2925 163 2974 S.
178 2924 237 2975 niv.
252 2925 295 2990 Ill,
307 2927 418 2979 26-29.
636 2931 668 2980 ob
680 2930 801 2994 irgend
813 2930 884 2980 eine
897 2927 1143 2997 (omniaomin-

117 2993 148 3043 0.
163 2991 404 3045 ServiliusAbalu.
421 3034 427 3046 .
444 3033 450 3045 .
464 2996 517 3047 Das
530 2998 586 3048 bier
637 2999 731 3062 setiger
745 2999 799 3048 sein
812 2997 914 3049 kann.“
929 2994 1050 3060 engeren
1064 3012 1087 3045 o.
1097 2996 1141 3057 20,

78 3061 335 3125 erz'aiblteEreigniss
348 3063 509 3130 ldlltsp'dter,
522 3065 584 3129 439,
637 3066 662 3131 δ.
672 3067 720 3116 73:
734 3066 789 3118 Sed
801 3066 948 3127 boudece'o,
963 3080 1005 3113 aa
1017 3065 1142 3112 metius

78 3129 120 3180 als
137 3129 168 3179 L.
190 3127 323 3193 Quinctius
344 3130 510 3183 Cincinnatus
529 3149 585 3184 num
636 3136 756 3197 Ennius,
772 3132 824 3197 „ob
838 3132 930 3182 nicht
942 3132 1032 3181 besscr
1044 3130 1142 3179 Ennius

79 3192 268 3249 nweiten'lllale
280 3198 400 3251 Dictator
415 3217 481 3253 war.
637 3201 690 3252 sicb
704 3200 884 3265 ausspricbt.“
896 3215 920 3248 c.
933 3199 977 3263 20,
987 3198 1011 3263 ξ.
1022 3199 1071 3247 74:
1085 3197 1143 3248 Mo-

113 3265 162 3332 Sp.
182 3265 322 3319 Maelium.
352 3268 407 3320 Zur
432 3269 491 3320 Zeit
515 3269 586 3319 einer
636 3269 760 3320 standum
773 3271 840 3318 anim
854 3266 927 3318 certe
940 3272 997 3329 est,
1019 3265 1090 3316 etid
1102 3268 1144 3314 io·
1243 3281 1248 3298 =

78 3333 257 3400 Hnugersnotb
271 3335 345 3400 (440)
359 3338 429 3388 batte
443 3337 487 3403 Sp.
512 3335 587 3387 Mae·
636 3342 755 3399 certum,
770 3351 811 3385 aa
829 3337 891 3385 boc
907 3338 919 3384 i
920 3349 983 3400 pso
997 3333 1032 3384 di
1038 3349 1067 3398 e,
1088 3333 1142 3397 „ob

78 3405 140 3468 llus,
152 3420 203 3454 von
209 3402 333 3454 walchem
339 3404 390 3456 viel
399 3401 518 3456 Getreide
528 3405 586 3455 auf·
637 3404 730 3454 nicht
742 3404 808 3457 nont
819 3403 928 3453 beute.“

79 3472 186 3537 gekault
197 3471 301 3523 worden
313 3486 383 3534 war,
403 3473 483 3522 daret
495 3480 585 3524 unent-
671 3487 755 3536 nequo
767 3470 855 3522 solum
867 3471 973 3534 officio,
988 3470 1061 3534 „und
1074 3471 1144 3520 uiebt

79 3540 204 3605 geldlicbe
216 3538 384 3601 Vertbeilung
401 3540 536 3596 desselben
549 3541 585 3593 ei·
636 3555 684 3590 nur
703 3539 728 3588 in
741 3540 827 3604 Bezug
845 3539 892 3589 anf
906 3539 979 3589 ibren
991 3538 1145 3602 Wirkungs·

387 3607 393 3618 '
685 3607 691 3620 ‘
721 3608 740 3635 ΙΙ

27 3683 30 3687 ’
74 3624 128 3726 dli
141 3606 587 3726 {boidinibbbidriabbcshddisllbdlil-
635 3609 1142 3738 l‘rialldL-rcederemus.Vgtzuc.15552.

74 3742 211 3807 -fertigung
225 3742 338 3808 ¹geladan
362 3743 433 3792 nicbt
459 3742 585 3808 ersobien,
673 3743 977 3808 iambortumsqq.1am
992 3740 1083 3791 driiekt
1095 3740 1143 3789 den

77 3810 167 3861 wurdc
192 3825 222 3860 er
244 3825 302 3861 vom
326 3809 450 3875 Magister
467 3809 588 3876 Equitum
625 3809 791 3874 ”Uebergang
815 3827 848 3860 zu
873 3817 952 3861 etwas
970 3807 1067 3859 Nauem
1085 3823 1143 3872 aus,

78 3878 164 3931 Abala
176 3878 299 3942 gettdtet.
309 3877 370 3928 Liv.
385 3877 429 3942 lV,
446 3879 557 3929 13-16.
641 3878 783 3943 „lerncr.“

115 3961 242 4012 regnum,
258 3943 559 4009 dielidnigswiirde.
675 3944 822 3995 suomdiam
846 3944 965 3999 alteram
986 3943 1144 4019 appellant,

951 4030 973 4049 e·
1102 4016 1129 4049 bl'·
