2656 4672
192 337 233 398 26
315 374 340 390 1-
521 352 745 406 earouucu.
765 351 917 418 §.aa-ao.
1018 322 1036 391 s

191 507 225 571 tii
241 508 423 571 centurionis
439 507 521 569 vires
537 506 671 583 habetis,
690 527 759 568 num
775 504 887 568 idcirco
904 516 951 570 est
966 504 1016 567 ille
1029 503 1253 588 praestantior?

190 593 357 656 Moderatio
373 594 460 655 modo
476 591 584 655 virium
600 591 689 667 adsit,
707 602 738 654 et
753 601 880 667 tantum,
898 602 1038 673 quantum
1056 600 1156 673 potest
1170 591 1252 672 quis·

191 699 267 761 que,
291 679 419 756 nitatur;
446 699 503 743 nae
525 676 576 739 ille
592 698 652 739 non
674 698 781 759 magno
798 677 946 740 desiderio
962 675 1112 739 tenebitur
1127 675 1249 739 virium.

192 764 344 848 Olympiae
360 784 413 846 per
427 764 556 826 stadium
570 762 726 845 ingressus
742 782 810 826 esse
818 762 891 824 Milo
907 762 1024 838 dieitur,
1043 782 1131 843 quum
1147 759 1252 824 bume-

191 850 234 913 ris
250 849 415 912 sustineret
428 850 536 912 bovem
551 849 665 912 virum.
691 847 795 911 Utrum
812 848 904 932 igitur
918 847 972 910 has
988 846 1122 930 eorporis
1138 867 1176 909 an
1191 845 1252 928 Py·

190 936 334 1017 thagorae
350 933 405 996 tibi
420 935 507 997 malis
522 935 605 998 vires
620 933 733 1016 ingenii
747 933 833 996 dari?
848 933 981 1015 Denique
993 931 1138 995 istobono
1150 941 1249 1009 utare,

155 1075 158 1080 .
191 1021 260 1082 dum
281 1019 377 1098 adsit3
402 1042 491 1102 quum
513 1019 608 1095 absit,
634 1039 672 1082 ne
687 1018 841 1100 requiras,·
864 1018 921 1082 nisi
944 1019 1020 1080 forte
1044 1017 1251 1088 adolescentes

142 1538 176 1588 34

136 2179 179 2277 11'

141 2559 173 2610 35

195 1105 371 1189 pueritiam,
396 1106 527 1188 paullum
542 1113 642 1168 aetate
663 1103 815 1188 progressi
831 1103 1063 1166 adolescentiam
1080 1102 1191 1165 debent
1203 1120 1254 1163 re·

195 1191 326 1271 quirere.
359 1189 472 1253 Cursus
496 1201 542 1253 est
565 1199 666 1252 certus
689 1188 797 1251 aetatis
821 1198 852 1250 et
866 1210 925 1251 una
946 1189 995 1251 via
1010 1198 1135 1250 naturae
1158 1206 1254 1269 eaque

191 1275 466 1358 simplemsoaque
482 1274 587 1355 cuique
602 1273 679 1357 parti
694 1274 799 1337 aetatis
823 1273 1038 1355 tempestivitas
1055 1283 1102 1335 est
1117 1272 1202 1349 data,
1220 1283 1255 1336 ut

191 1368 222 1421 et
243 1359 401 1422 infirmitas
424 1379 583 1440 puerorum
605 1370 636 1421 et
657 1359 797 1439 ferocitas
818 1358 961 1421 iuvenum
985 1368 1014 1421 et
1037 1352 1169 1441 gravitas
1192 1358 1255 1420 iam

192 1445 358 1506 constantis
374 1444 482 1507 aetatis
499 1453 530 1507 et
544 1444 708 1506 senectutis
725 1443 880 1506 maturitas
896 1442 1033 1506 naturale
1048 1443 1185 1525 quiddam
1200 1442 1255 1505 ha-

190 1529 276 1607 beat,
303 1530 381 1612 quod
397 1551 452 1592 suo
475 1540 611 1612 tempore,
631 1529 741 1612 percipi
764 1528 881 1592 debeat.
920 1527 1033 1591 Audire
1055 1539 1085 1591 te
1108 1528 1251 1604 arbitror,

192 1612 308 1695 Scipio,
334 1615 443 1698 hospes
459 1625 527 1677 tuus
543 1614 643 1677 avitus
658 1613 816 1678 Masinissa
835 1634 910 1696 quae
926 1613 1017 1677 faciat
1031 1613 1129 1689 bodie,
1158 1634 1254 1676 nona-

190 1699 273 1781 ginta
289 1718 385 1762 annos
401 1711 507 1776 uatus3
533 1721 622 1781 quum
638 1700 793 1782 ingressus
809 1701 869 1762 iter
884 1699 1007 1782 pedibus
1023 1699 1081 1775 sit,
1099 1699 1129 1760 iu
1146 1719 1254 1780 equum

190 1782 313 1846 omnino
336 1805 395 1845 non
419 1785 623 1861 adscendere,
652 1806 740 1866 quum
761 1805 855 1866 equo,
881 1804 921 1846 ex
944 1804 1019 1865 equo
1043 1805 1103 1846 non
1126 1785 1253 1850 descen·

192 1869 280 1945 dere,
306 1869 388 1931 nullo
404 1868 517 1944 imbre,
536 1869 617 1930 nullo
633 1870 743 1950 frigore
759 1868 885 1945 adduci,
911 1880 942 1930 ut
957 1868 1053 1950 capite
1071 1880 1175 1950 operto
1192 1871 1251 1946 sit,

191 1973 335 2015 summam
350 1973 420 2016 esse
435 1954 467 2016 in
483 1974 519 2018 eo
536 1954 669 2037 corporis
686 1953 867 2030 siccitatem,
896 1953 996 2035 itaque
1021 1955 1121 2018 omnia
1143 1954 1255 2037 exequi

190 2037 271 2121 regis
288 2039 382 2102 officia
398 2049 429 2101 et
444 2058 580 2102 munera.
614 2038 719 2101 Potest
732 2037 825 2122 igitur
840 2038 1019 2102 exercitatio
1038 2051 1068 2103 et
1083 2050 1253 2124 temperan-

191 2124 232 2186 tia
247 2123 335 2186 etiam
351 2125 381 2186 in
397 2134 554 2189 senectute
569 2144 752 2187 conservare
767 2123 877 2206 aliquid
891 2125 1011 2207 pristini
1023 2126 1163 2189 roboris.

215 2250 226 2260 ·
273 2208 319 2272 Ne
341 2209 403 2272 sint
423 2211 455 2274 in
471 2214 625 2274 senectute
640 2210 733 2272 vires.
748 2255 749 2259 ,
764 2208 811 2272 Ne
833 2209 1022 2293 postulantur
1037 2211 1155 2294 quidem
1169 2210 1253 2275 vires

191 2315 209 2356 a
232 2304 398 2357 senectute.
419 2292 508 2378 'Ergo
530 2306 561 2357 et
583 2293 698 2378 legibus
722 2304 753 2357 et
773 2294 918 2358 institutis
934 2305 1021 2358 vacat
1041 2307 1125 2358 aetas
1147 2306 1254 2359 nostra

191 2378 364 2441 muneribus
380 2378 429 2453 iis,
448 2399 524 2460 quae
538 2400 599 2441 non
615 2389 740 2462 possunt
753 2379 821 2451 sine
836 2379 950 2442 viribus
966 2379 1120 2442 sustiueri.
1146 2379 1252 2458 ltaque

190 2485 251 2527 non
267 2464 366 2540 modo,
384 2464 462 2545 quod
478 2484 719 2548 nonpossumuS,
737 2464 788 2527 sed
805 2486 843 2526 ue
860 2475 1001 2546 quantum
1013 2482 1169 2546 possumus
1185 2461 1251 2543 qui·

190 2550 266 2628 dem,
285 2550 430 2633 cogimur.
462 2547 502 2610 At
517 2549 600 2621 multi
615 2549 656 2612 ita
672 2560 742 2612 sunt
757 2549 896 2612 imbecilli
910 2568 1011 2623 seneS,
1029 2558 1061 2609 ut
1077 2547 1187 2609 nullum
1205 2549 1251 2610 of-

186 2755 266 2804 kannt
278 2753 321 2804 ist.
335 2752 472 2803 Vielleicbt
484 2754 519 2804 ist
531 2769 558 2803 es
566 2754 692 2818 derselbe,
780 2768 876 2817 quum,
904 2767 1004 2816 „wenn
1013 2751 1044 2816 ,“
1064 2752 1133 2802 nicbt
1159 2752 1248 2817 „da.“

188 2822 234 2871 der
245 2837 294 2870 von
307 2820 422 2872 Lucilius
440 2822 481 2871 bei
495 2821 549 2872 Cic.
570 2823 600 2873 de
613 2823 657 2873 lin.
672 2822 691 2882 1,
744 2820 803 2886 Vgl.
819 2819 911 2886 Zumpt
923 2821 946 2884 ξ.
962 2821 1027 2870 547.

187 2889 211 2956 ξ.
226 2891 241 2939 9
255 2891 370 2939 erwibnt
383 2889 463 2939 wird:
491 2889 572 2954 Quem
585 2890 693 2956 peridem
779 2893 835 2939 uisi
847 2889 929 2954 sorte
943 2888 1021 2940 mitd.
1039 2888 1117 2939 ludio.
1126 2889 1249 2955 ironiscb,

188 2959 276 3009 lucum
302 2974 362 3008 cum
387 2958 476 3009 multa
500 2963 643 3009 venustate
666 2964 695 3009 et
743 2958 791 3008 wie
805 2959 831 3022 6,
848 2957 890 3008 18.

187 3029 263 3077 omui
284 3027 340 3077 eale
366 3025 437 3076 idern
456 3026 596 3091 Lucilius,
613 3025 702 3093 ‘apud'
778 3026 820 3076 34.
836 3027 930 3092 ltospes
944 3033 1009 3078 tuuc
1022 3030 1121 3089 avitus,
1135 3023 1251 3076 vomVa-

188 3110 266 3162 quern
275 3095 420 3162 praeclare
434 3093 580 3146 Scaeuola:
745 3101 785 3146 ter
811 3095 895 3146 scincs
919 3095 1133 3161 Adoptivvnters‚
1165 3093 1251 3160 Scipio

190 3181 320 3232 Graecum
335 3186 361 3231 te
373 3180 483 3243 Albuci,
499 3196 580 3247 quum
592 3181 693 3233 Iduma-
723 3162 1029 3248 'Atuoonus’maionw
1185 3231 1191 3242 ·

289 3250 593 3316 numatquasabinum
778 3233 940 3295 Merentem,
965 3229 1251 3295 lionrgderNumrder,

187 3317 348 3384 Metuiot‘pem
360 3318 457 3382 Ponti,
479 3318 620 3383 Tarauna,
635 3335 693 3369 ceu·
744 3302 779 3351 im
803 3301 911 3351 zweiten
931 3299 1071 3366 puniscben
1092 3297 1185 3364 liricge
1204 3315 1253 3350 au·

290 3388 440 3451 turianum,
592 3429 594 3432 Α
745 3369 818 3434 langa
832 3369 1041 3434 Bundesgenosse
1055 3369 1103 3419 der
1114 3366 1253 3434 liertbagi·

186 3452 540 3505 Praeclurorumlwminum
550 3471 582 3506 uc
588 3460 694 3522 primo·
745 3452 850 3518 ”mila
866 3437 967 3504 Sldlsstt
980 3429 1099 3522 *td-2206
1108 3452 1149 3498 δῦ,
1163 3444 1256 3495 treber.

256 3536 317 3571 rum
330 3523 546 3589 signiferumque
745 3505 925 3587 ycrbundetcr
943 3507 993 3588 der·
1008 3505 1109 3587 llomer.
1147 3505 1184 3556 Er
1202 3506 1254 3586 soll

186 3589 314 3641 Materiali
326 3590 381 3641 dios·
394 3624 401 3638 .
417 3628 423 3641 ,
440 3596 458 3641 ‚¹
744 3576 808 3625 uber
821 3576 853 3626 60
865 3575 943 3625 Jabre
956 3573 1039 3639 lionrg
1051 3590 1168 3638 gewesen
1185 3589 1251 3626 seru.

419 3697 424 3708 .
510 3697 516 3708 .
777 3639 821 3699 11.
830 3642 1079 3708 Selbstungcgcben,
1090 3644 1150 3694 dass
1159 3643 1252 3695 cedem

220 3707 304 3758 duum
317 3693 592 3744 dumfflilllihnmt
603 3694 692 3744 mem
743 3712 825 3762 bohen
842 3712 917 3762 Alter
940 3727 972 3761 en
991 3709 1098 3762 liriilten
1123 3712 1250 3777 gebriebt,

186 3763 283 3812 vivum·
311 3760 373 3845 ygl.
389 3761 491 3828 Qffisssst·
512 3761 586 3827 ¹29²
611 3763 689 3827 Milvr
742 3797 813 3831 -es
825 3780 928 3831 werden
939 3796 989 3831 von
1002 3781 1054 3831 ibm
1066 3778 1253 3848 llbrperkriilte

187 3845 265 3894 quem
288 3831 405 3881 vetulum
424 3837 583 3882 assueverat
598 3833 690 3898 ferre,
743 3849 952 3912 „pohtverpangp
1273 3863 1276 3875 ·

188 3901 302 3948 taurum
311 3900 434 3969 serebat.
775 3933 829 3968 uon
840 3916 930 3982 mede,
944 3919 1017 3984 quod
1029 3935 1082 3971 nou
1093 3924 1251 3985 possumus,

220 3981 405 4060 Pythagorae,
419 3987 470 4050 vgl.
485 4004 509 4039 c.
522 3989 546 4052 7,
564 3986 607 4038 23.
741 3986 790 4036 ced
814 4002 846 4036 ua
870 3990 1004 4052 quantum
1025 4002 1170 4055 possumus
1188 3990 1254 4051 qui-
