2656 4672
445 344 831 413 curculionem-13.
1124 338 1160 396 11

101 498 179 583 geri,
197 517 271 580 quae
287 519 339 580 pro
355 497 401 558 rei
417 497 549 580 publicae
566 498 662 560 salute
677 510 874 582 gererentur3
892 521 965 582 quae
981 514 1085 565 contra
1098 522 1163 565 rem

101 583 246 666 publicam
268 584 438 658 ferrentur,
464 594 569 645 contra
590 584 723 666 auspicia
743 585 827 647 ferri.
871 587 964 649 Multa
986 586 1017 648 in
1040 608 1076 649 co
1097 588 1164 666 viro
1182 599 1213 648 12

102 667 256 751 praeclara
272 668 416 750 eognovi3
443 668 496 729 sed
517 667 590 729 nihil
607 680 652 731 est
667 670 888 747 admirabilius,
914 691 1001 755 quam
1017 673 1163 752 quomodo

102 753 154 815 ille
168 763 296 815 mortem
313 751 366 814 filii
382 753 467 829 tulit,
493 753 566 816 clari
587 753 647 816 viri
663 764 693 815 et
708 756 885 818 consularis.
911 756 966 818 Est
980 756 1012 818 in
1028 756 1164 819 manibus

102 837 252 912 laudati03
278 859 365 918 quam
380 860 469 919 quum
485 838 631 920 legimus,
655 860 742 920 quem
765 840 970 923 philosophum
987 862 1048 903 non
1063 851 1165 904 conte-

100 923 253 985 mnimus?
268 922 296 985 N
298 943 331 985 cc
343 942 417 984 vcro
432 923 483 984 ille
498 924 530 984 in
546 915 611 985 luce
627 925 713 986 modo
726 935 814 1007 atque
830 925 861 987 in
875 925 967 988 oculis
980 926 1088 989 civium
1102 947 1164 989 ma-

102 1029 199 1090 gnuS,
224 1008 277 1069 sed
292 1009 372 1070 intus
389 1008 526 1090 domique
543 1009 753 1090 praestantior.
779 1009 836 1088 Qui
851 1011 968 1074 sermo!
988 1031 1062 1092 quae
1079 1031 1164 1093 prae·

102 1094 206 1176 cepta!
226 1102 336 1174 quanta
351 1093 458 1155 notitia
473 1093 677 1175 antiquitatis!
703 1115 777 1177 quae
794 1095 919 1158 scientia
934 1096 1009 1157 iuris
1026 1095 1161 1178 augurii!

100 1177 215 1241 Multae
238 1177 345 1253 etiam,
370 1178 449 1240 utin
466 1178 584 1240 homine
600 1179 745 1256 Romano,
765 1180 888 1257 literac3
906 1181 1006 1243 omnia
1021 1181 1166 1243 memoria

101 1264 222 1325 tenebat
246 1284 307 1324 non
330 1264 492 1325 domestica
507 1264 621 1339 solum,
640 1264 799 1327 sedetiam
816 1266 1046 1329 externahella.
1073 1267 1164 1328 Cuius

102 1367 243 1411 sermone
259 1347 301 1410 ita
317 1358 379 1410 tum
395 1348 499 1430 cupide
516 1348 654 1425 fruebar,
674 1350 758 1431 quasi
773 1351 832 1412 iam
845 1351 1011 1413 divinarem
1027 1350 1068 1429 id,
1087 1352 1164 1432 quod
1207 1371 1211 1377 ·
1269 1348 1284 1361 ⁶

102 1433 216 1507 evenit,
234 1431 285 1493 illo
302 1433 450 1495 exstincto
466 1435 542 1509 lore,
561 1434 638 1496 unde
654 1434 816 1510 discerem,
834 1434 994 1498 neminem.

189 1515 323 1595 Quorsus
346 1516 439 1599 igitur
461 1518 533 1581 haec
555 1528 616 1580 tam
638 1520 731 1580 multa
754 1521 789 1581 de
811 1519 966 1581 Maximo?
996 1518 1071 1596 Quia
1094 1540 1163 1601 pro·
1185 1519 1206 1587 5

101 1605 179 1664 fecto
194 1601 321 1679 videtis,
350 1603 433 1665 nefas
450 1622 517 1666 esse
534 1603 633 1679 dictu,
659 1604 798 1667 miseram
813 1605 907 1668 fuisse
923 1605 1012 1666 talem
1028 1614 1166 1667 senectu·
1183 1615 1213 1665 13

102 1699 174 1749 tem.
199 1685 263 1750 Nee
279 1697 379 1749 tamen
395 1708 498 1751 omnes
515 1700 639 1770 possunt
655 1709 722 1750 esse
738 1688 893 1770 Scipiones
913 1699 964 1751 aut
976 1687 1113 1764 Maximi,
1132 1699 1164 1750 ut

101 1773 220 1836 urbium
236 1773 485 1855 expugnationes,
502 1783 535 1835 ut
550 1774 703 1855 pedestres
721 1772 883 1837 navalesve
896 1795 1020 1857 pugnas,
1039 1784 1072 1835 ut
1086 1773 1164 1836 bella

102 1877 168 1922 ase
184 1867 280 1940 gesta,
297 1867 331 1920 ut
346 1857 510 1941 triumphos
526 1859 733 1931 recordentur.
757 1859 812 1921 Est
827 1860 915 1920 etiam
930 1858 1028 1941 quiete
1045 1868 1076 1920 et
1090 1878 1164 1941 pure

102 2064 155 2112 hiet
169 2063 214 2112 der
226 2061 327 2112 Marser
339 2063 388 2111 und
402 2064 609 2112 dasadriatische
662 2063 786 2112 felhaften
805 2062 902 2125 Diogen
929 2062 976 2112 auf
992 2061 1080 2113 Grund
1099 2062 1182 2111 ihrer

102 2129 184 2181 Meer.
215 2128 269 2191 Ans
289 2129 384 2179 diesem
404 2146 470 2194 ager
489 2130 540 2179 und
553 2130 610 2178 dem
662 2129 1026 2195 Wissenschaft(discipline)
1041 2129 1169 2181 entschci·

103 2213 170 2263 ager
199 2196 317 2252 Gallicus
335 2212 422 2246 waren
440 2198 480 2246 die
494 2197 610 2246 Senonen
663 2197 743 2246 dende
757 2195 886 2246 Auslmnft
898 2212 930 2245 zu
943 2196 1024 2260 gehen
1034 2196 1166 2263 (decreta,

104 2282 153 2315 von
167 2264 331 2315 denhomern
341 2265 608 2315 vertriehenworden.
662 2281 792 2330 responsa
808 2269 966 2330 augurum).

138 2339 236 2384 contra
259 2339 372 2386 renatus
397 2337 608 2396 auctoritatem,
695 2331 729 2384 et
740 2337 768 2382 in
782 2335 888 2382 homme
900 2332 1035 2398 Idomene,
1058 2332 1122 2397 „hir
1134 2334 1170 2383 ci-

105 2419 205 2468 „gegeu
220 2400 415 2452 daantachtcn
429 2402 474 2452 des
484 2400 608 2452 Senats.“
662 2417 710 2451 nen
725 2401 848 2452 Rdmer.“

103 2471 141 2535 De
153 2473 250 2521 invent.
266 2469 302 2533 ll,
325 2470 356 2519 17
370 2477 428 2534 sagt
445 2487 487 2533 er,
509 2471 569 2520 dass
583 2485 609 2520 cs

105 2545 202 2590 contra
220 2539 389 2589 voluntatem
407 2542 528 2588 omnium
541 2541 611 2604 opti·

104 2614 208 2658 mutum
227 2608 368 2671 geschehen
389 2608 436 2657 sei.
460 2607 516 2657 Den
538 2606 611 2671 Opti-

104 2683 189 2727 maten
208 2676 324 2726 erschien
344 2676 414 2726 diesc
428 2677 472 2726 lero
484 2679 608 2742 agraria,

104 2745 152 2794 wic
165 2744 215 2794 alle
229 2742 348 2810 sp‘aitercn
361 2744 411 2793 und
425 2743 555 2806 friiheren,
571 2743 611 2793 als

104 2813 147 2862 ein
159 2810 245 2863 Mittel
256 2828 305 2862 zur
316 2811 481 2879 Verhihrnng
493 2813 537 2862 des
550 2810 613 2863 Vol-

107 2881 164 2928 hes.

142 2948 253 3011 optimis
266 2950 394 3012 auspiciis
400 2952 497 3012 regere
503 2964 572 3014 quac
580 2976 612 2986 -

102 3019 282 3084 gererentur,
304 3015 405 3065 iihnlich
424 3015 479 3064 dom
501 3016 614 3066 Homeri-

94 3085 188 3147 <schen-
202 3085 241 3140 εἱς
259 3077 358 3140 οὶωνὸέ
373 3076 487 3152 ι’ἰριστος
510 3077 613 3152 ἀμύνε-

101 3158 177 3204 σθαι
190 3152 256 3222 περὶ
268 3145 386 3224 πάτρης.
401 3152 432 3202 ll.
446 3150 505 3216 ΧΗ,
516 3151 577 3201 243.

68 3252 71 3259 ·
142 3222 182 3271 12.
198 3227 238 3270 eet
250 3225 278 3271 in
290 3223 425 3283 manibus,
441 3221 488 3285 „in
502 3236 611 3271 unseren

105 3289 249 3353 H'dnden“;
269 3292 361 3340 cndcrs
375 3289 398 3355 ξ.
415 3290 457 3339 38.

140 3358 275 3422 laudatio,
290 3357 521 3422 dieLcichcnrede‚
536 3359 576 3408 dic
585 3374 614 3409 cr

106 3427 202 3478 seinem
215 3424 299 3477 Sohne
312 3427 498 3490 gehaltcnhat.
517 3453 520 3457 ·

140 3511 218 3560 prtem
223 3496 323 3561 philos.
334 3510 387 3545 noo
398 3488 613 3560 contemnimus?

106 3562 187 3614 Sinn:
207 3563 310 3632 hliisscn
323 3564 372 3615 wir
389 3563 433 3612 ihn
445 3563 515 3613 nicht
533 3564 613 3614 hdher

105 3633 208 3696 stenen,
222 3633 265 3683 als·
274 3633 325 3683 alle
336 3631 526 3698 Philosophen?

140 3704 215 3749 intuo
223 3699 547 3769 domiquestendtadyoin
557 3700 612 3763 „im

105 3768 258 3819 lnnerndcs
271 3769 402 3821 Hauscs.“

55 3869 59 3876 -
140 3852 210 3902 quae
222 3839 337 3887 scientia
349 3842 418 3888 iuris
431 3841 554 3904 augurii.
568 3838 613 3888 Iar

105 3908 254 3970 augurium
274 3905 336 3955 oder
347 3921 484 3969 augurum
498 3908 542 3957 das
565 3907 614 3956 den

98 3975 211 4039 'Augurn
224 3973 380 4024 zustehcnde
393 3972 483 4037 hecht,
496 3975 522 4025 in
535 3975 614 4024 zwei-

697 2470 801 2532 literae,
811 2470 935 2534 gelehrte,
945 2485 991 2520 aus
1000 2471 1114 2520 Blichern
1124 2484 1168 2532 ge·

661 2553 783 2586 wonneue
796 2537 914 2600 Bildnng.

696 2622 746 2672 illo
760 2624 910 2691 exstincto,
921 2622 958 2672 Er
970 2623 1040 2672 starh
1054 2622 1114 2672 203.

695 2707 739 2769 ⁴13.
760 2711 826 2773 quio
842 2709 965 2774 profecto
984 2709 1097 2772 videtis,
1114 2745 1120 2759 .
1137 2743 1166 2758 ..

663 2777 739 2828 Sinn=
763 2777 804 2827 leh
819 2777 905 2827 wollte
924 2777 1002 2827 durch
1016 2777 1099 2827 dieses
1111 2776 1169 2827 Bei-

663 2845 728 2910 spiel
740 2846 840 2910 stigen,
849 2846 914 2895 dass
928 2845 969 2894 die
982 2845 1168 2896 Bcschwerden

664 2913 734 2964 nicht
746 2915 909 2978 nothwendig
920 2914 967 2964 mit
979 2915 1034 2964 dem
1049 2912 1170 2963 Greisen-
1255 2982 1257 2985 Ι
1310 2951 1314 2958 .

664 2983 731 3037 alter
741 2983 888 3034 verbunden
903 2983 968 3032 sind.

699 3050 848 3117 Scipiones,
860 3050 1043 3115 „Manncrwie
1052 3050 1170 3116 Scipio.“

699 3142 741 3187 ost
753 3141 834 3187 etiam
847 3139 937 3201 quiete
949 3161 984 3172 —
1002 3141 1081 3185 actae
1093 3140 1171 3183 aeta-

665 3209 716 3266 tis,
732 3202 876 3268 Gegensatz
894 3219 927 3252 zu
940 3203 995 3251 dem
1008 3201 1170 3252 tidentliehen

662 3272 766 3334 Lchcn,
791 3272 846 3321 dem
859 3271 899 3319 dic
918 3271 1013 3320 vorher
1027 3276 1171 3333 genannten

662 3339 930 3403 Miinnerangehdren.
946 3337 1171 3401 Nichtaanrosse

664 3408 921 3460 Staatsmhnner
938 3405 1093 3468 heschrdnkt
1118 3407 1172 3457 sich

665 3479 735 3528 dicre
749 3476 969 3557 Wahrnchmun53
983 3476 1092 3526 sondern
1106 3475 1174 3556 auch
1271 3524 1276 3546 .-
1320 3498 1322 3504 ·

664 3548 698 3597 im
710 3545 889 3608 Privatlchen‚
910 3545 935 3594 in
952 3545 1040 3609 pedem
1058 3543 1173 3594 Lehens-

664 3616 753 3666 hernfc
766 3615 845 3665 findet
858 3615 895 3664 sic
907 3613 1083 3678 Bestdtigung.
1114 3611 1172 3662 Bei-

663 3686 761 3750 spielc:
787 3683 877 3747 Plato,
892 3682 1019 3741 isocrates
1032 3699 1058 3731 n.
1072 3682 1104 3731 Α.
1135 3679 1171 3729 Es

664 3754 758 3803 hommt
771 3769 819 3802 nur
831 3751 879 3802 aus
889 3752 936 3801 den
948 3750 1091 3800 Charakter
1103 3747 1172 3813 (mo-

664 3822 718 3884 rer)
740 3836 788 3882 an3
815 3821 860 3870 das
880 3820 953 3870 Alter
977 3833 1010 3868 an
1030 3817 1083 3867 sich
1104 3815 1172 3880 triigt

664 3889 739 3939 hcine
758 3887 861 3937 Schuld.

696 3989 767 4039 pure
779 3972 929 4036 bezeichnet
942 3971 982 4020 die
995 3969 1114 4024 Reinheit
1127 3971 1172 4025 der
